3008 5010
688 174 901 239 ..66-

282 378 412 460 Piccm,
442 398 537 460 quam
564 380 732 461 quinquies
761 379 847 460 apud
878 377 1029 444 Ovidium
1059 378 1175 456 inveni,
1207 382 1323 460 quater
1357 380 1412 444 ad·

180 481 285 546 hibuit
306 481 347 545 ad
371 483 497 562 nigrum
519 482 657 547 colorem
673 482 909 560 illustrandum,
926 484 958 546 in
981 499 1043 563 quo
1059 486 1188 547 secutus
1211 487 1262 547 est
1277 481 1412 547 Homeri

181 591 222 646 A.
242 589 508 667 artasiensem
529 587 599 668 istra
620 586 720 648 πίσσα.
766 584 962 666 Simpliciter
984 584 1089 665 picem
1112 584 1235 649 inducit
1263 585 1334 651 hcr.
1360 587 1415 654 17.

182 687 211 751 7.
235 692 310 751 met.
333 685 403 754 XII.
426 687 500 754 402.
538 687 698 769 Illyricam
720 707 796 753 vero
819 688 923 769 picem
946 707 974 752 a.
998 706 1059 752 am.
1076 686 1117 751 II.
1134 687 1207 753 568.
1232 705 1270 752 ex
1292 687 1329 756 P.
1354 688 1411 755 IV.

182 790 232 855 14.
254 789 306 854 45.
350 789 410 853 His
439 795 577 869 quatuor
607 789 684 852 locis
714 790 740 853 si
772 789 811 854 de
842 790 948 855 colore
979 790 1097 871 agitur,
1130 789 1195 854 alia
1226 795 1276 855 est
1304 791 1416 872 imago

181 896 256 956 met.
280 891 333 956 IX.
357 892 429 957 659.
446 891 594 972 protinas
608 896 643 954 ut
657 896 739 956 secto
753 891 863 972 piceae
884 893 922 958 dc
943 894 1053 957 cortica
1073 896 1187 974 peritae,
1209 894 1256 957 sic
1270 892 1417 958 lucrinas

180 998 363 1074 σασααααα
397 993 465 1058 σιτία
497 992 652 1058 Piroetc‘r'o
673 992 796 1075 Byblis,
832 1014 927 1076 quam
960 999 1073 1060 auctor
1106 995 1242 1060 amissae
1276 995 1414 1061 Medeae

180 1096 357 1178 depromsit
401 1114 439 1160 ex
482 1096 646 1178 Euripidis
680 1097 804 1174 Medea,
853 1095 908 1162 ubi
959 1098 1092 1162 eandem
1140 1098 1415 1179 comparationem

181 1198 396 1265 habes1200.

282 1389 460 1472 Pauporcs
483 1390 518 1454 ct
540 1389 635 1456 servi
679 1390 792 1471 quibus
826 1388 1020 1470 imaginibus
1060 1389 1151 1455 nobis
1190 1394 1266 1454 ante
1303 1393 1409 1456 cordos

180 1498 351 1573 ponuntur,
376 1510 430 1556 eas
452 1497 557 1557 restat
579 1498 614 1556 ut
636 1490 816 1558 afferamus.
860 1493 938 1558 Eius
961 1493 1046 1557 modi
1068 1492 1357 1575 comparationum,
1382 1494 1412 1558 in

180 1594 375 1659 carminibus
409 1596 573 1659 amatoriis
606 1600 774 1677 poetarum
808 1601 992 1660 nostrorum
1032 1602 1066 1659 et
1098 1595 1163 1659 iam
1195 1600 1291 1659 antea
1327 1597 1415 1678 apud

181 1698 373 1778 Byzantinos
402 1697 693 1778 usitatissimarum,
727 1699 760 1763 in
790 1699 840 1763 his
872 1697 1075 1776 carminibus,
1107 1698 1147 1762 de
1183 1698 1299 1780 quibus
1331 1718 1416 1765 nunc

180 1802 313 1882 agimus
337 1802 488 1882 exiguum
511 1819 581 1866 esse
605 1819 781 1880 numerum,
812 1802 929 1866 mirum
951 1820 1117 1875 essenon
1146 1806 1255 1882 potest
1283 1802 1335 1883 iis,
1358 1804 1413 1884 qui

180 1923 288 1970 secum
309 1909 471 1985 reputent,
496 1923 590 1985 qnam
613 1924 633 1969 a
655 1905 779 1969 servitii
802 1911 900 1986 atque
929 1906 1133 1986 paupertatis
1156 1904 1205 1968 vel
1228 1907 1410 1970 nominibus

180 2013 307 2073 veteres
351 2006 587 2072 abhorruerint.
644 2008 680 2072 ld
731 2009 851 2088 optime
890 2008 981 2073 uobis
1022 2007 1221 2073 demonstrat
1262 2007 1412 2074 Socrates

180 2109 440 2191 Xenophontem,
471 2112 525 2192 qui
549 2110 684 2175 Critiam
717 2111 845 2192 perdite
881 2115 1042 2176 amantem
1077 2110 1253 2192 vituperat,
1279 2117 1414 2196 φάσκων,
1471 2149 1476 2165 ·

179 2207 379 2287 ἀνελεύθερόν
399 2230 425 2267 τι
446 2199 520 2267 εἶναι
540 2209 588 2268 καὶ
607 2208 643 2268 οὐ
664 2203 784 2287 πρέπειν
805 2207 890 2288 ἀνδρὶ
916 2211 998 2293 καλῷ
1022 2208 1153 2293 κάγαθῷ
1172 2210 1225 2269 τόν
1252 2205 1413 2287 ἕρωμένον,

180 2299 203 2370 ὦ
232 2312 370 2390 βούλεται
400 2313 508 2371 πολλοῦ
528 2306 607 2384 ἄξιος
637 2308 809 2392 σαίνεσθαι,
833 2315 1007 2390 προςαιτεῖν,
1037 2307 1138 2391 ὥσπερ
1168 2313 1236 2384 τοὺς
1265 2313 1414 2393 πτώχσυς,

179 2418 347 2484 ἱκετεύοντα
366 2422 415 2482 καὶ
435 2421 577 2500 δεόμενον
597 2421 779 2501 aporiatum.
821 2418 934 2500 Itaque
965 2419 1014 2484 bis
1044 2419 1137 2483 modo
1160 2418 1246 2500 opud
1269 2418 1412 2486 Graecos

179 2523 211 2586 in
246 2520 537 2603 comparationibus
570 2539 697 2587 servum
731 2522 854 2586 inveni:
903 2522 988 2602 apud
1022 2523 1131 2588 Asium
1166 2521 1205 2590 fr.
1240 2522 1269 2587 1.
1305 2530 1410 2606 χωλός,

180 2627 362 2709 στιγματίης,
383 2628 575 2709 πολυγήραος,
595 2619 658 2701 ἶσος
678 2629 775 2711 α’λήτῃ
796 2619 892 2707 ἦλθαν
918 2629 1086 2700 κνισοκόλαξ
1122 2629 1155 2689 et
1188 2625 1272 2705 apud
1308 2626 1411 2692 Thec-

180 2727 307 2809 gnidcm
330 2728 401 2794 276.
437 2732 487 2793 τὸν
516 2728 618 2811 πατέρ’
657 2726 861 2809 ἒχῒλαίρουσιν,
898 2734 1084 2811 καταρῶνται
1119 2729 1145 2789 δ’
1157 2724 1328 2791 ἀπολέσθαι
1367 2733 1415 2793 καί

180 2829 329 2914 στυγέοοσ
360 2828 460 2911 ὥσπερ
482 2833 604 2911 πτιοχόν
634 2830 847 2911 ἐπερχόμενον.
888 2828 1005 2894 Servus
1039 2827 1276 2910 praetereundo
1318 2831 1412 2895 modo

178 2933 285 3014 tangit
306 2931 469 3014 Euphorio
492 2932 532 3009 fr,
557 2929 628 2998 165.
653 2934 726 3015 ἠΰτε
747 2935 856 2996 δοῦλαι.
900 2932 1059 2998 Elatinis
1080 2932 1184 3013 poetis
1207 2932 1257 2997 bis
1276 2931 1410 2997 Ovidius

179 3054 289 3101 servos
310 3033 425 3100 habet:
448 3034 526 3099 Fast
547 3034 571 3099 1.
596 3034 669 3099 137.
692 3038 785 3117 otone
807 3034 916 3098 sedeas
940 3033 1042 3114 primi
1062 3038 1159 3098 vester
1174 3053 1277 3114 prope
1299 3033 1410 3099 λακικα

177 3137 246 3203 tecti
266 3136 384 3201 innitor
405 3156 549 3221 egressus
571 3136 776 3217 &atrotiusque
797 3136 888 3201 videt.
911 3136 996 3203 trist.
1020 3136 1074 3201 IV.
1093 3136 1121 3202 1.
1144 3135 1173 3200 5.
1198 3135 1254 3200 λσα
1277 3140 1331 3216 est,
1353 3155 1412 3199 cor

179 3245 279 3305 cordat
300 3240 422 3306 cinctos
445 3259 567 3323 qnoque
600 3239 741 3320 counrado
765 3240 878 3323 fossor
899 3238 1027 3303 irutoct'lr'
1055 3258 1193 3317 numero,
1224 3259 1294 3302 σαοι
1315 3260 1415 3322 praee

181 3343 281 3409 raoltit
303 3364 400 3425 apros:
423 3342 579 3408 nantoatis
594 3342 728 3423 porder,
745 3342 870 3422 pariter
899 3341 975 3405 doto
996 3361 1094 3421 perun
1115 3340 1266 3405 tradentis
1277 3340 1417 3424 fallitur

179 3447 312 3512 ‹rrrcitloc
345 3445 555 3528 ‹todprdnrqoc
577 3446 674 3510 labor.
707 3445 806 3509 semel
829 3444 974 3510 Catullus
1006 3444 1057 3512 63.
1080 3445 1131 3509 51.
1159 3444 1279 3525 patria,
1303 3465 1322 3508 o
1344 3467 1418 3511 uteo

176 3549 324 3631 pcrrctrir,
346 3571 400 3633 opo
431 3570 527 3631 quoru
558 3548 653 3614 miser
682 3548 868 3631 relinquens,
900 3547 1042 3612 dontnros
1074 3552 1109 3611 nt
1131 3547 1273 3631 erifugae
1289 3546 1417 3630 fulradi

178 3653 285 3732 soient,
310 3654 352 3717 ad
375 3652 455 3718 Idan
477 3653 564 3718 totali
584 3672 715 3718 ιιαασιά
729 3652 851 3734 pedona.

282 4084 436 4161 linoniurn
473 4083 746 4148 rrrrrnnorotionem
782 4088 926 4148 nostram
960 4080 1204 4146 similitudinum
1238 4078 1280 4143 ad
1313 4077 1416 4146 finem

180 4185 396 4265 perduximus,
428 4191 539 4267 restat,
572 4191 607 4249 nt
641 4185 750 4267 pnnois
790 4202 993 4266 exponamus
1029 4183 1105 4265 quid
1139 4180 1282 4247 effecisse
1317 4183 1413 4249 nobis

180 4286 353 4353 vidccnrnr.

283 4390 328 4455 Λα
352 4392 487 4473 primunr
519 4391 645 4475 «irrident
680 4391 711 4457 id
743 4394 889 4473 apparet,
911 4390 1078 4471 imagines,
1110 4406 1192 4470 quae
1220 4387 1252 4451 in
1275 4385 1415 4455 Homeri

180 4493 372 4559 carminilnrn
396 4494 556 4575 intuuntur,
588 4494 677 4577 ιμιιιιιὶ
702 4493 943 4559 fundamentum
965 4510 1045 4569 esse,
1077 4491 1194 4572 inquo
1224 4507 1298 4554 suas
1323 4508 1413 4555 com-

180 4596 363 4677 parationes
381 4597 547 4681 lrrrnnorint
558 4602 700 4663 rrrrtntrun
714 4595 928 4679 posteriorum
943 4600 1067 4676 poetae.
1092 4592 1160 4657 Has
1173 4591 1340 4672 imagines,
1357 4593 1414 4673 qui
