3008 5010
700 130 913 203 „30-

502 346 558 405 aul
578 342 634 406 abl
655 344 791 407 cautella
812 341 909 407 Laoc
931 341 1054 406 laboral
1075 341 1172 422 equis,

450 449 506 508 nul
527 445 618 526 quod,
641 466 680 510 ae
703 447 805 529 loapls
824 446 991 525 flavescere
1007 446 1114 525 possit
1134 442 1174 508 ab
1197 445 1302 522 auceia,

500 547 649 614 Maeonis
670 548 846 632 Assyrium
866 548 987 632 ferulae
1010 547 1104 612 lircil
1125 546 1210 612 ebur.

194 649 285 727 Quod
317 650 457 731 primum
490 650 583 716 facile
616 652 737 731 credas
761 651 962 733 Lygdamum
994 649 1077 714 hunc
1110 650 1215 715 locum
1236 651 1288 734 ,ad
1318 649 1433 715 Ovidii

193 753 375 834 exemplum
406 754 611 834 expressisse,
646 752 784 819 fulcrum
814 773 876 818 non
906 753 1014 830 habet,
1048 753 1109 817 nisi
1139 754 1171 817 in
1201 771 1239 819 ea
1270 770 1316 833 re,
1341 753 1431 835 quod

193 856 392 938 comparatio
422 857 533 938 inepta
562 862 612 922 est
641 875 744 939 neque
772 876 854 939 quae
884 856 1084 923 commendet
1114 856 1251 920 nitorem
1279 860 1428 920 amatae:

193 959 250 1024 sed
271 958 331 1023 hoc
352 959 385 1023 in
408 962 476 1023 tam
498 959 651 1024 mediocri
685 965 782 1040 poeta
805 961 912 1039 magni
935 958 1088 1024 momenti
1112 977 1173 1024 non
1197 963 1256 1037 est,
1279 959 1306 1023 si
1329 976 1429 1040 repu-

127 1046 130 1052 ’
192 1059 286 1141 tabia,
311 1061 365 1125 uix
381 1061 532 1125 credibile
547 1078 627 1138 esse,
646 1079 727 1141 enm,
745 1062 772 1126 si
787 1060 894 1126 Ouidii
908 1060 1012 1126 locum
1028 1066 1104 1126 ante
1119 1060 1226 1125 oculos
1248 1059 1426 1142 habuisset,

193 1163 372 1244 neglexisse
396 1169 429 1226 et
457 1162 628 1242 imaginem
659 1163 754 1228 lunae
782 1164 971 1228 decantatae
1002 1168 1035 1228 et
1064 1179 1201 1228 aurorae
1233 1168 1266 1227 et
1295 1181 1355 1244 pro
1387 1164 1426 1228 iis

193 1265 316 1330 duobus
349 1264 497 1331 versibus
527 1271 602 1330 ante
635 1267 825 1348 simpliciter
857 1266 1024 1348 scripsisse
1052 1265 1171 1330 condor
1203 1269 1271 1330 erut
1301 1265 1427 1346 qualem

186 1368 332 1452 prraeferl
353 1367 491 1434 Lolouc'u
513 1368 590 1434 luna
612 1377 759 1452 quautam
783 1389 859 1435 uero
882 1371 1054 1450 imaginem
1076 1375 1179 1434 totam
1202 1369 1367 1448 abiecisse,
1393 1371 1425 1433 in

194 1473 333 1538 secunda
355 1478 463 1538 autem
485 1492 543 1554 pro
566 1473 740 1555 splendidis
763 1476 844 1539 rosis
872 1474 1035 1539 induxisse
1065 1478 1248 1538 emanantes
1277 1473 1424 1538 humiles

193 1576 306 1657 Itaque
340 1594 394 1641 eos
417 1594 544 1657 sequor,
567 1577 623 1658 qui
649 1575 799 1641 Ovidium
821 1576 956 1641 credunt
970 1575 1128 1657 Lygdami
1150 1576 1253 1640 locum
1269 1577 1427 1641 memoria

193 1679 335 1744 tenuisse
358 1679 467 1760 itaque
490 1677 681 1759 adhibuisse,
713 1686 750 1744 ut
773 1680 812 1744 de
836 1700 893 1744 sno
916 1679 1037 1761 aliquid
1060 1679 1202 1744 elideret.
1249 1678 1425 1761 Compara-

193 1782 314 1847 tionem
344 1780 477 1846 Theoor.
513 1781 563 1844 12.
593 1781 623 1846 5.
654 1781 744 1846 ὅσσον
770 1787 937 1866 παρθενική
959 1784 1099 1866 προφέρει
1119 1786 1271 1865 τρνγάμρνο
1291 1788 1428 1865 γυναικός

193 1903 234 1950 ex
255 1885 415 1948 communi
437 1885 586 1965 opinione
609 1902 681 1948 eum
703 1886 877 1966 sumpsisse
901 1885 1023 1965 opinor.
1081 1883 1171 1960 Quae
1200 1889 1310 1949 autem
1340 1886 1429 1966 apud

194 1987 330 2052 eundem
346 1990 451 2052 exstat
470 1988 576 2066 imago
600 1987 628 2054 8.
645 1987 696 2051 91.
718 1989 757 2064 (ὗς
777 1989 811 2051 δὲ
830 1992 1031 2070 κατεσμύχθη
1057 1992 1105 2050 καὶ
1124 1991 1309 2071 ἀνετράπετο
1330 1990 1429 2073 φρένα

193 2096 273 2178 λύπᾳ
293 2089 402 2174 ὤτερος
420 2090 498 2154 or‘r'rw
518 2094 568 2154 uel
588 2094 691 2175 νύμφα
703 2097 857 2174 γαμεθεῖσ
876 2088 1062 2174 aragonam)
1074 2108 1136 2154 non
1151 2091 1191 2155 all
1203 2108 1353 2171 sponsam
1371 2092 1429 2156 Sed

195 2192 236 2258 ad
258 2193 430 2275 nympham
464 2193 591 2258 aPane
627 2193 677 2257 uel
707 2192 823 2275 Satyro
856 2194 1004 2258 vitiatam
1032 2194 1183 2274 pertinet.
1233 2192 1327 2275 Apud
1352 2212 1426 2259 eum

193 2296 296 2361 solum
330 2296 428 2360 etiam
463 2301 569 2362 exstat
602 2297 708 2376 imago
742 2297 889 2376 amantis,
925 2296 979 2377 qui
1012 2300 1183 2376 parentum
1221 2295 1320 2360 verba
1363 2315 1428 2361 non

194 2403 296 2466 curat.
320 2400 350 2463 9.
374 2400 425 2464 18.
448 2406 492 2462 τῶ
521 2401 555 2462 δὲ
577 2398 682 2482 θέρευς
712 2404 875 2483 φρύγοντος
905 2401 961 2482 ἕνα)
993 2404 1100 2463 τόσσον
1130 2399 1304 2478 palatiolum,
1337 2399 1430 2463 locor

194 2496 298 2576 ἐρῶντι
318 2498 429 2577 πατρὸς
448 2498 561 2575 μύθων
580 2498 629 2557 καὶ
647 2498 761 2575 ματρὸς
781 2498 906 2558 α’κούειν.

296 2623 469 2688 Parentes
507 2623 544 2688 ot
579 2621 697 2689 liberi.
761 2621 892 2687 Patrem
928 2619 1002 2687 filiis
1039 2622 1290 2704 praecipientem
1326 2622 1427 2688 habes

194 2744 214 2781 a
235 2725 300 2787 307.
321 2716 386 2800 ἤτοι
404 2717 461 2798 μὲν
488 2723 584 2780 ταῦτα
613 2717 684 2801 φίλα
711 2718 845 2801 φρονέων
872 2719 1031 2801 α’γορεύεις,
1059 2717 1137 2780 ὥστε
1168 2724 1266 2801 πατὴρ
1295 2708 1320 2806 ᾧ
1343 2720 1429 2781 παιδί

195 2829 337 2910 Theogn.
362 2829 454 2894 1049.
479 2832 525 2892 ool
545 2830 639 2912 ‹l’a'ycd
653 2823 702 2892 οἷά
722 2854 756 2893 τε
776 2831 858 2892 παιδὶ
878 2836 977 2913 πατὴρ
997 2832 1194 2912 ὑποθήσομαι
1206 2832 1296 2906 αὐτὸς
1315 2832 1425 2894 ἐσθλά.

195 2932 350 2998 infantem
373 2932 406 2995 in
429 2931 575 2996 manibus
597 2932 711 2998 matris
734 2931 945 2997 dormientem
969 2931 1038 2999 oet.
1064 2932 1113 2996 17.
1141 2934 1188 3000 12.
1208 2933 1302 3012 pueri
1323 2932 1427 2996 cascar

195 3035 305 3099 blmcll
326 3034 459 3100 lrecrcula
473 3034 582 3114 palcis
608 3033 790 3100 dormientis
812 3035 846 3099 lu
867 3035 953 3100 aloa.
998 3034 1148 3100 Eiusdem
1172 3036 1222 3100 68.
1248 3037 1320 3099 119.

399 3159 476 3202 aum
496 3157 551 3202 uec
572 3143 637 3202 loca
659 3158 768 3203 corace
790 3138 925 3221 confecto
947 3144 1044 3204 celate
1060 3139 1209 3220 purcall:

485 3261 552 3305 aaa
573 3246 666 3322 capul
687 3241 750 3306 secl
771 3246 849 3305 uolo
869 3239 987 3322 claretis
1009 3241 1066 3305 clll

401 3342 463 3422 peel,
487 3362 557 3406 cam
579 3343 697 3407 allollc'ls
719 3343 773 3407 olcc
793 3344 918 3408 laudern
940 3344 1082 3409 luceolos
1104 3345 1196 3408 collus

486 3466 597 3511 nomeu
618 3451 746 3511 testulus
767 3446 871 3511 loculo
891 3447 925 3510 lu
947 3447 1079 3526 ludulae,

401 3548 498 3630 imple
522 3549 619 3614 ‹leals-l
638 3549 763 3633 peulllls
782 3549 903 3632 pucella
924 3549 1032 3615 tollens

487 3652 617 3717 suscllnl
639 3674 659 3717 a
684 3673 761 3718 coac
783 3651 952 3717 collarium
974 3653 1069 3734 caplll

197 3755 430 3838 aliquantulum
452 3754 529 3819 mihi
545 3757 711 3820 concinere
734 3755 861 3821 uidetur
878 3774 949 3821 cum
972 3756 996 3821 I.
1019 3758 1092 3824 481.
1116 3757 1164 3821 καί
1176 3782 1216 3840 με
1236 3757 1336 3844 φίλῃσ’
1350 3758 1424 3820 olari

196 3874 230 3913 τε
250 3855 349 3933 πατήρ
370 3848 403 3913 ὃν
423 3852 516 3913 παῖδα
538 3853 648 3937 φιλήσῃ
675 3858 786 3931 μοῦνον
812 3856 972 3935 τηλύγετον
998 3858 1147 3915 πολλοῖσιν
1173 3853 1221 3914 ἐπὶ
1246 3856 1426 3915 κτεάτεσσιν.

198 3959 349 4024 Annorem
376 3961 490 4026 matris
522 3961 705 4043 Lygdamus
735 3967 964 4028 commemorat
992 3964 1022 4028 4.
1048 3963 1099 4028 51.
1130 3966 1252 4026 locutura
1273 3982 1350 4027 corn
1372 3961 1429 4026 llll

298 4146 332 4216 ⁴⁰)
350 4147 460 4217 saepius
476 4148 592 4202 eandem
606 4148 756 4219 imaginem
767 4149 913 4220 Euripides
925 4148 1043 4202 induxit.
1082 4150 1208 4213 Γαμεθεῖσ
1221 4149 1295 4214 quod
1309 4164 1424 4217 corrup·

196 4234 258 4284 tum
276 4233 318 4285 est
335 4231 521 4287 Fritzschium
543 4234 661 4301 induxit,
688 4237 720 4288 ut
746 4234 881 4304 uirginem
906 4234 1102 4302 desponsatam
1127 4235 1175 4287 ant
1199 4233 1282 4287 modo
1307 4237 1425 4302 nuptam

197 4315 369 4386 intelligeret,
397 4318 487 4384 qualis
513 4323 555 4372 est
580 4319 609 4372 in
636 4320 759 4373 carmine
786 4323 881 4373 nostro
898 4318 1040 4388 populari:
1067 4317 1165 4372 komm
1191 4312 1300 4386 her'aus,
1329 4319 1427 4373 komm

197 4402 306 4469 herens,
326 4419 342 4456 o
360 4403 398 4458 dn
416 4404 633 4458 wanderschone
650 4404 741 4472 breul,
767 4405 847 4458 deine
864 4408 950 4474 guten
968 4407 1031 4474 tage
1048 4405 1112 4459 sind
1136 4421 1194 4459 nun
1216 4404 1269 4459 alle
1287 4421 1344 4472 aus,
1364 4405 1428 4458 dein

197 4487 356 4542 krdnzelein
373 4488 460 4558 hangt
472 4505 503 4541 so
515 4488 611 4542 leuoht
622 4490 680 4543 und
692 4489 930 4544 theanenschwer:
951 4505 966 4542 ο
985 4490 1035 4543 wie
1053 4492 1136 4545 weint
1153 4491 1198 4545 die
1210 4491 1428 4546 uunderschdne

198 4576 281 4627 braut
298 4591 329 4628 so
347 4574 419 4630 sehr.
