3008 5010
616 181 830 247 ..57„.

107 379 142 463 ἇς
163 389 214 449 τὸν
234 386 312 448 πόδα
332 389 436 462 κάκτος
456 385 558 463 &cripe
592 386 741 451 Eiusdem
766 385 815 450 10.
840 384 890 449 30.
930 383 1013 459 sirei}
1035 388 1220 447 seiunctione
1241 387 1335 447 διώκει

107 509 179 554 curri
202 489 346 552 imitatus
369 486 467 552 habet
489 488 652 569 Vergilius
669 489 725 552 eci.
743 490 772 552 2.
789 488 840 552 63.
864 487 1021 556 doroteae
1044 486 1175 568 optisom
1196 486 1337 568 sequitur

106 591 224 656 luscino
246 589 373 670 capello,
398 610 500 672 neque
523 593 656 656 multum
681 590 842 670 differunt,
867 609 948 672 quae
972 596 1100 655 exstant
1122 592 1151 654 3.
1175 591 1225 657 82.
1250 589 1337 654 dorice

106 694 246 776 depulsis
269 692 401 757 31531113
423 684 533 758 litteriis
556 694 639 758 iente
666 693 749 757 solie
765 692 881 774 pecori.
927 693 1017 768 Quod
1048 693 1132 773 apud
1157 693 1334 772 Vergilium

106 800 172 864 Ecl.
197 801 225 864 2.
250 797 292 862 63
315 798 458 861 ἐπίθετον
478 802 537 874 est,
562 817 597 862 co
622 797 754 862 Ovidius
777 796 818 860 ad
841 797 1115 876 comparationem
1138 795 1338 860 formandam

105 921 184 967 usus
207 908 255 967 est
278 908 354 969 met.
377 901 462 965 XIII.
486 902 557 967 711.
581 904 683 964 tenero
705 898 852 963 loscioior
874 898 972 962 luterio
1006 899 1127 964 utiam
1151 904 1248 963 antea
1271 898 1333 963 Oa-

107 1006 207 1071 tuIIus
232 1008 280 1074 17.
307 1006 356 1070 15.
374 1004 485 1085 puello
506 1003 649 1067 tenellulo
671 1002 831 1066 delicatior
852 1001 959 1066 diendo.
1006 1000 1116 1082 Neque
1139 999 1337 1079 mirabimur,

48 1168 54 1180 ,
111 1108 150 1172 ab
174 1108 222 1172 his
245 1109 347 1172 haedo
369 1107 477 1183 tribui,
502 1105 584 1186 quod
600 1106 654 1169 iile
671 1123 807 1186 capreae
823 1105 981 1186 opposuit,
1007 1104 1155 1186 quoniam
1176 1104 1207 1166 in
1224 1103 1336 1167 iisdem

110 1211 227 1290 eclogis
249 1211 369 1290 legitur
395 1211 423 1276 1.
447 1209 497 1273 22.
521 1208 1021 1274 313ιὶ1333ιί133131533533133
1044 1227 1163 1271 ιιοιιιιιι.

211 1313 340 1394 Optime
363 1331 445 1376 nunc
469 1332 523 1376 cas
547 1312 802 1392 comparationes
826 1310 1048 1391 spectabimus,
1074 1328 1155 1391 quae
1179 1310 1218 1373 de
1242 1310 1337 1374 mulis

107 1417 270 1498 asinisque
294 1421 402 1497 agunt.
429 1414 581 1494 idolum,
606 1415 660 1495 qui
683 1419 734 1478 est
757 1414 842 1494 apud
865 1413 1027 1478 Catullum
1052 1414 1100 1477 17.
1126 1413 1176 1478 25.
1200 1412 1337 1493 313331-

106 1539 184 1583 ιιιιιιι
206 1518 348 1583 crciatum
370 1520 404 1582 io
425 1517 517 1600 proci
539 1517 749 1598 derelinquere
771 1537 873 1595 coorto,
913 1537 1035 1581 orreum
1057 1521 1091 1580 ot
1105 1516 1222 1580 soleam
1238 1517 1339 1581 ieaoei

107 1623 144 1686 ι’-ιι
176 1621 323 1704 serapiae
352 1620 439 1684 ritulo
476 1638 538 1684 una
571 1639 643 1684 cum
672 1619 760 1683 asino
792 1619 917 1684 induxit
945 1618 1107 1699 Theognis
1136 1620 1208 1683 996.
1242 1621 1339 1703 γνοίης

107 1722 230 1807 χ’ὅσσον
250 1724 325 1788 ὄνων
345 1724 509 1804 κρείσσονες
531 1725 654 1805 ἡμιόνων.
686 1721 802 1786 Asinus
818 1727 990 1803 praeterea
1004 1722 1108 1786 Iocum
1133 1721 1231 1787 habet
1253 1723 1338 1802 apud

107 1826 282 1908 Tyrtaeum
313 1826 343 1890 6.
375 1825 476 1906 ὥσπερ
497 1823 556 1888 Aroe
576 1830 714 1907 μεγάλοις
735 1824 850 1906 difflant
870 1830 1030 1906 τειρόμενοι
1063 1824 1180 1888 Al'chiI.
1209 1825 1260 1888 21.
1284 1828 1338 1907 ἡδὲ

107 1932 135 1991 δ’
149 1929 218 1993 ὥστ’
240 1928 308 1992 ὄνον
328 1931 415 2011 ῥάχις
436 1930 558 2008 ἵστη-νιν
590 1928 647 1994 Or.
664 1947 725 1992 aut
743 1927 783 1991 II.
802 1929 829 1994 7.
848 1928 897 1993 15.
922 1927 1024 2007 aspice
1048 1932 1080 1991 ot
1101 1927 1227 1991 attritos
1248 1927 1339 1991 irrise-

106 2031 229 2095 roaeiae
256 2030 351 2094 soriis
384 2029 501 2093 oseiius
531 2029 660 2093 assiduo
692 2030 828 2094 (iopeitos
857 2030 979 2094 uerbere
1005 2030 1106 2094 leutos
1128 2035 1185 2095 eei.
1223 2049 1251 2096 3.
1275 2049 1337 2098 ani.

107 2133 148 2200 II.
172 2133 244 2197 289.
268 2133 325 2196 tuo
347 2137 440 2195 sonui
460 2151 593 2195 roreeom
615 2131 768 2213 quiddam
790 2137 882 2213 utque
902 2132 1071 2197 iitoraohiie
1085 2133 1175 2212 ridet,
1197 2138 1232 2196 ot
1255 2134 1339 2197 rudit

108 2258 129 2300 ιι
150 2236 264 2300 scebro
286 2234 388 2315 tropis
416 2234 515 2299 osello
537 2233 629 2297 rholo.
674 2233 821 2316 Denique
851 2234 892 2298 ad
922 2235 1004 2299 hunc
1033 2234 1138 2300 locum
1169 2235 1339 2301 referenda

109 2346 159 2404 est
180 2339 297 2419 imago,
328 2356 423 2419 quam
454 2337 642 2402 Theocritus
672 2344 760 2402 certe
784 2356 800 2401 e
824 2338 950 2418 vulgari
983 2356 1129 2402 sermone
1162 2338 1339 2420 depromsit

111 2443 162 2507 15.
188 2441 237 2508 73.
262 2444 400 2505 roffeio&
422 2440 523 2522 ιδ’σιιερ
543 2439 600 2516 ὕες.

211 2542 346 2625 Agrmn
361 2543 502 2624 eiusque
518 2542 691 2608 culturam
713 2544 830 2608 mirum
849 2544 880 2606 in
897 2543 1025 2607 modum
1044 2563 1166 2624 paucae
1182 2543 1339 2623 imagines

109 2652 260 2724 tractant,
294 2646 378 2728 quod
408 2645 494 2710 haud
517 2647 581 2710 scio
605 2665 647 2710 an
669 2666 739 2710 eam
763 2646 802 2710 ob
829 2665 957 2712 causam
981 2647 1026 2712 sic
1049 2666 1083 2713 se
1105 2647 1232 2724 habeat,
1264 2647 1339 2728 quio

109 2751 177 2815 vito
209 2750 331 2814 rustica
364 2749 577 2830 contemptior
606 2755 639 2814 et
667 2749 822 2814 abiectior
849 2756 921 2814 orat
954 2756 987 2815 et
1010 2750 1031 2814 ii
1054 2759 1180 2831 poetae,
1204 2750 1258 2831 qui
1281 2749 1339 2813 ah-

110 2860 266 2935 quatenus
300 2870 369 2915 eam
403 2852 615 2930 aestimarim,
649 2853 904 2932 comparationes
937 2871 977 2917 ex
999 2871 1038 2916 ea
1066 2853 1137 2934 ipsa
1164 2871 1209 2932 re,
1244 2872 1338 2933 quam

109 2958 271 3032 canerent,
295 2971 422 3019 sumere
444 2972 507 3017 non
530 2960 692 3035 poterant.
716 2953 899 3034 Agricolam
916 2956 1020 3036 ipsum
1037 2955 1227 3020 Theocritus
1241 2954 1339 3019 habet

109 3058 160 3122 16.
206 3057 258 3124 32.
309 3057 375 3132 31ςεί
397 3082 436 3133 τις
454 3055 569 3142 μακέλᾳ
583 3056 784 3137 τιτυλινιμὲνος
803 3055 907 3120 ἔνδοθι
927 3065 1030 3141 χεῖρας
1051 3061 1133 3140 α’χὴν
1152 3059 1184 3121 ἐκ
1204 3056 1340 3141 πατέρων

109 3161 213 3242 πενίην
232 3161 524 3242 estpotestate».
552 3160 621 3224 Cat.
640 3160 691 3225 64.
715 3159 788 3226 355.
811 3180 946 3242 comque
967 3161 1049 3225 eeiot
1063 3161 1178 3226 derisos
1192 3181 1340 3242 praecer-

106 3283 184 3343 pens
218 3263 316 3326 enitor
349 3261 468 3326 oristas
500 3262 563 3327 sole
590 3262 647 3326 soi
681 3262 804 3327 31113311
826 3262 981 3343 floeeaiio
1014 3264 1135 3329 demetit
1169 3284 1248 3327 oreo
1285 3264 1339 3346 qui

109 3366 254 3430 imitatus
278 3371 327 3430 est
350 3371 394 3429 A.
418 3366 468 3443 67,
494 3366 551 3434 Or.
568 3385 596 3433 a.
621 3385 681 3430 arn.
706 3366 730 3430 I.
755 3367 818 3432 725
841 3365 950 3450 (color)
973 3369 1076 3449 tomis
1098 3367 1262 3450 opriooiee,
1286 3366 1341 3449 poi

107 3488 229 3533 comere
250 3489 370 3549 semper
393 3469 514 3534 odanco
536 3474 564 3534 et
586 3469 738 3552 providos
759 3469 875 3533 1331113
897 3472 956 3534 seb
977 3469 1057 3535 Jove
1078 3476 1182 3536 nasot
1200 3470 1339 3534 Ιιιιιιιιιιιι.

110 3573 236 3652 Agrum
259 3572 425 3637 colendum
449 3591 519 3637 esse
542 3577 576 3637 et
600 3573 761 3654 Vergilius
777 3574 942 3638 contendit
957 3574 1014 3638 ecl.
1031 3574 1061 3638 3.
1078 3573 1128 3639 82.
1152 3573 1240 3638 dolce
1261 3574 1340 3638 sotis

111 3695 212 3754 ιιιιιοι,
236 3680 269 3739 61
292 3675 424 3741 Ovidius
448 3681 489 3742 tr.
513 3676 551 3743 V.
576 3675 626 3739 12.
651 3676 701 3742 23.
727 3675 851 3758 fertilis
882 3676 1011 3740 assideo
1039 3677 1069 3741 si
1094 3698 1157 3741 ιιοιι
1178 3683 1341 3742 coronator

110 3784 220 3842 333113
243 3779 289 3843 aii
310 3779 374 3842 uisi
395 3799 465 3843 ιιιινι
479 3778 581 3859 spinis
600 3799 730 3862 procrea
751 3778 872 3843 habehit
887 3800 961 3862 oper
984 3781 1034 3845 cui
1058 3781 1126 3845 loco
1143 3800 1340 3863 opponamus

110 3900 150 3946 ex
180 3881 215 3946 P.
250 3881 273 3949 I.
304 3883 334 3947 4.
360 3883 409 3947 13.
449 3903 529 3964 quoe
560 3903 733 3963 neritonum
763 3903 861 3947 oocoo
890 3883 984 3947 solito
1012 3887 1057 3948 esi
1079 3903 1200 3949 cessere
1226 3883 1339 3964 coceii,

99 3985 265 4069 fructibus
298 3985 439 4051 assiduis
467 3985 556 4050 losse
583 3986 712 4051 senescit
744 3986 868 4050 homos.
913 3987 1011 4066 Idem,
1042 3987 1126 4070 quod
1152 3988 1342 4053 Theocritus

110 4089 160 4153 18.
193 4090 244 4156 29.
283 4091 380 4177 πιείρᾳ
400 4089 479 4174 μέγα
498 4095 570 4177 idon
590 4090 741 4172 ἀνέδραμε
761 4095 874 4172 κόσμον
894 4094 1008 4177 α’ρούρᾳ
1044 4091 1207 4171 Vergilius
1243 4090 1341 4156 habet
1379 4092 1382 4097 ⁴

110 4190 167 4258 ecl.
189 4190 219 4255 5.
245 4191 295 4257 33.
330 4191 416 4274 (vitis
447 4197 482 4256 ot
503 4192 669 4256 arboribus
699 4193 792 4257 decos
822 4193 879 4276 est)
903 4242 910 4256 .
934 4242 941 4256 .
964 4198 1077 4275 sepcies
1109 4198 1144 4257 ot
1167 4193 1342 4278 piopoibos

109 4294 205 4373 crois
229 4294 362 4360 Ovidius
385 4301 491 4361 autem
515 4295 652 4360 alteram
674 4296 723 4360 rei
745 4301 872 4376 partem
896 4301 1021 4377 spectat
1043 4315 1071 4360 3.
1096 4315 1157 4364 am.
1182 4295 1238 4362 III.
1263 4298 1337 4364 249.

109 4396 212 4478 turpis
234 4397 301 4462 siae
321 4399 464 4481 procaciae
485 4420 624 4480 coppos.
669 4400 795 4464 Aristas
819 4406 914 4464 vento
938 4400 1079 4480 agitatas
1095 4437 1137 4446 —
1152 4401 1188 4464 Β.
1214 4401 1275 4464 147
1300 4436 1339 4447 -

110 4506 145 4565 ei
161 4499 376 4567 Callimachus
391 4503 488 4567 habet
503 4503 535 4567 in
552 4502 621 4566 Del.
640 4504 710 4568 193.
733 4507 809 4566 ahto
823 4503 976 4591 παλιρροίῃ
997 4505 1170 4586 ἐπινήχεται
1186 4503 1341 4585 ἀνθέρικος

111 4604 152 4681 ὥς
175 4610 208 4668 ct
230 4609 346 4685 qnater
369 4605 501 4670 Ovidius
524 4625 553 4674 a.
577 4625 638 4673 am.
662 4605 687 4673 I.
711 4605 784 4674 553.
808 4605 876 4671 her.
900 4607 930 4674 5.
956 4607 1027 4673 111.
1053 4606 1103 4674 10.
1129 4606 1199 4674 139.
1224 4604 1274 4669 14.
1288 4605 1339 4670 39.
