3008 5010
691 85 902 148 ..26-

181 292 267 373 apud
289 310 347 356 nos
370 310 425 354 ver
448 308 543 370 agras
574 308 722 355 recreare
753 289 843 369 solet,
874 307 948 354 nam
973 289 1090 365 bullae,
1123 269 1258 370 quarum
1289 289 1420 353 mentio

181 394 218 459 tit
240 396 298 461 Or.
323 393 441 459 metX
465 394 535 459 733.
561 396 708 458 intumuit
728 395 776 458 sie
798 398 833 457 ut
855 393 966 474 pluvio
983 391 1153 474 perlucida
1175 391 1260 456 caelo
1283 411 1422 474 surpere

182 498 269 563 bulla
296 498 381 577 solet,
421 534 460 543 —
493 498 526 561 iu
564 514 720 579 aquarum
756 514 895 577 aequore
933 513 1067 576 surgere
1104 495 1208 559 solent
1246 494 1301 558 nbi
1324 494 1421 559 lente

181 619 317 681 magnae
340 604 452 681 guttae
475 601 603 678 cadunt,
626 600 718 681 signa
733 598 938 678 tempestatis
960 598 1103 662 orientia.
1148 597 1256 678 Ipsam
1271 601 1421 678 tempes-

181 708 282 768 tatem
303 702 403 768 habes
426 708 467 766 ss.
488 714 553 773 384,
575 705 616 781 οἷς
636 705 664 766 δ’
676 705 735 766 tut
755 701 874 764 tutum
895 708 978 764 πᾶσα
997 705 1115 784 κελαινὴ
1135 701 1260 782 βέβριθε
1280 704 1379 782 χθών

384 796 478 880 ἤματ’
498 800 645 885 ὀπωρινῷ,
666 796 716 860 ὅτε
736 799 920 878 λαβρότατον
941 795 1003 878 χέει
1022 793 1103 876 ὕδωρ

384 905 462 978 Ζεύς
502 946 938 963 ..........

385 1002 499 1067 τῶνδέ
518 1028 550 1065 τε
571 1007 680 1078 πάντες
699 1003 757 1082 μὲν
777 1003 907 1081 ποταμοὶ
926 1004 1077 1082 πλήθουσι
1096 999 1220 1083 ῥέοντες,

384 1110 494 1181 πολλάς
514 1105 547 1168 δὲ
566 1110 663 1180 κλιτῦς
688 1107 750 1169 τότ’
769 1106 976 1185 ἀποτμήγουσι
995 1104 1152 1186 χαράδραι,

179 1208 276 1288 Verg.
301 1207 418 1288 Georg.
443 1206 496 1275 IV.
532 1207 605 1272 312.
638 1205 733 1271 donec
764 1211 800 1270 ut
831 1206 958 1270 aestiuis
990 1205 1111 1287 effusus
1142 1203 1279 1269 nubibus
1311 1206 1421 1272 imber

637 1330 773 1390 erupere.

180 1415 256 1478 Aen.
282 1414 319 1480 V.
343 1413 415 1481 317.
440 1415 614 1495 corripiunt
635 1414 742 1494 spatia
763 1412 872 1478 andito
895 1410 1048 1493 limenque
1069 1411 1252 1492 relinquunt

440 1518 533 1599 effusi
553 1517 659 1582 nimbo
680 1516 800 1582 similes

178 1619 311 1686 ibidlx.
319 1621 391 1686 668.
403 1625 541 1702 quantus
563 1620 602 1684 ab
625 1640 737 1685 occasu
757 1620 882 1684 ueniens
897 1617 1095 1699 pluvialibus
1116 1616 1226 1682 bardis

404 1723 547 1789 uerberat
567 1722 666 1787 imber
687 1722 825 1801 turnum,
849 1741 944 1803 quam
965 1720 1057 1786 multi
1076 1720 1233 1804 prandine
1253 1721 1358 1786 nimbi

404 1830 439 1892 in
460 1825 542 1891 vuele
560 1827 784 1908 praecipitant,
808 1845 878 1889 cnm
899 1824 1050 1906 anpiter
1071 1823 1222 1889 torridus
1243 1826 1369 1889 austris

405 1936 526 2013 torquet
547 1949 700 2013 aquosam
721 1928 850 1994 biennem
872 1934 901 1993 et
921 1929 1005 1993 caelo
1028 1947 1105 1992 caua
1127 1926 1238 1992 nubila
1259 1929 1382 2008 ruppit.

177 2032 253 2096 ibid.
276 2032 314 2097 X.
339 2033 410 2098 803.
435 2053 472 2098 ac
494 2033 577 2100 uelut
597 2033 698 2114 effusa
719 2033 750 2097 si
771 2030 897 2113 qeranrlo
916 2030 1073 2115 prandine
1094 2029 1194 2094 nimbi

398 2138 622 2218 praecipitant,
647 2136 748 2200 omnis
771 2134 908 2216 (campis
930 2133 1057 2216 diffupit
1078 2138 1188 2198 arator

404 2241 506 2304 omnis
527 2244 556 2303 et
577 2238 719 2322 apricola
740 2237 784 2319 et)
808 2242 876 2302 tuta
897 2237 972 2302 latet
993 2256 1065 2300 arce
1085 2237 1196 2314 uiator,

317 2327 323 2341 ⁴
403 2348 459 2406 aut
480 2344 585 2406 amnis
606 2342 690 2423 ripis
712 2345 768 2406 aut
789 2342 849 2406 alti
868 2342 989 2424 fornice
1009 2340 1092 2418 sani,

403 2443 478 2509 dnm
494 2444 582 2524 pluit
602 2446 639 2509 in
660 2445 762 2523 terris,
786 2448 822 2508 ut
837 2445 965 2525 possint
985 2443 1050 2508 sole
1070 2442 1196 2507 reducto

402 2567 541 2612 euertere
562 2547 652 2612 diem.

178 2649 258 2714 Cum
280 2649 408 2715 Horatii
430 2651 508 2731 loco,
533 2668 628 2732 quem
650 2650 745 2714 attuli
767 2668 841 2731 pag.
867 2649 917 2727 16,
941 2666 1131 2730 componere
1153 2666 1322 2730 possumus
1347 2648 1409 2715 Ov.

177 2753 457 2821 maman

351 2857 442 2921 nulla
464 2856 531 2923 dies
552 2856 629 2922 aoleo
651 2862 696 2922 est
718 2855 914 2922 australibus
935 2854 1067 2920 beunida
1088 2853 1212 2934 nimbis,

351 2980 415 3025 non
436 2961 625 3026 intermissis
645 2965 682 3026 nt
699 2960 783 3042 fluat
802 2959 901 3025 imber
924 2959 1024 3042 aquis.

279 3060 432 3130 Grande.
462 3062 541 3130 Nix.
573 3062 723 3132 Glacies.
773 3062 818 3127 Ut
852 3063 974 3144 grando
1008 3062 1132 3127 resilire
1167 3062 1250 3127 salet
1284 3081 1304 3127 a
1338 3065 1409 3128 cut·

175 3163 312 3229 minibus
334 3166 421 3245 tecti,
444 3166 492 3230 ita
506 3166 658 3231 sarissam
680 3185 699 3230 a
720 3163 802 3230 facie
821 3163 940 3230 Caenei
961 3165 1158 3231 resilientem
1173 3163 1252 3230 facit
1272 3164 1409 3234 Ovidius

176 3271 251 3334 met.
275 3267 346 3332 XII.
376 3267 450 3334 480.
499 3267 587 3333 Idem
620 3287 702 3333 uuus
731 3272 902 3349 poetarum
932 3272 992 3346 est,
1020 3267 1107 3349 apud
1133 3286 1227 3350 quem
1256 3268 1289 3332 in
1319 3286 1408 3334 cam-

175 3370 343 3451 paratione
365 3370 472 3435 iuveni
493 3370 629 3436 imbrem
651 3369 827 3452 frigoribus
849 3375 1104 3436 concrescentem
1127 3375 1203 3435 met.
1227 3371 1283 3436 IX.
1306 3371 1379 3438 220.

379 3479 473 3555 utque
492 3474 601 3557 ferunt
621 3474 737 3539 imbres
755 3472 870 3556 pel-ielis
892 3492 1084 3538 concrescere
1105 3475 1205 3540 uentis

381 3576 453 3641 inde
474 3577 561 3642 nirres
580 3577 661 3660 fieri,
684 3576 810 3641 niuibus
831 3597 952 3658 quoqne
972 3576 1065 3641 molle
1085 3578 1199 3642 rotatis

380 3681 516 3763 astrinpi
537 3685 567 3746 et
586 3681 692 3761 spissa
711 3680 884 3763 plonurari
904 3679 1060 3763 prandine
1081 3701 1195 3763 corpus

175 3783 225 3847 cui
249 3783 449 3849 similitudini
471 3783 679 3849 Washietlius
701 3787 868 3864 comparat
889 3784 984 3849 Lucr.
1006 3783 1061 3852 VI.
1084 3782 1156 3848 527.

329 3892 429 3952 cetera
450 3907 530 3970 puae
551 3907 647 3952 cursu
669 3891 811 3952 crescunt
832 3907 987 3971 cursuque
1009 3892 1157 3952 creantur

328 3995 458 4072 atquae
480 3995 680 4056 concrescunt
699 3991 735 4055 in
756 3990 900 4071 nubibus,
925 3991 1040 4069 omnia,
1058 4008 1213 4070 prorsum

329 4095 444 4172 omnia,
467 4095 533 4172 nin,
566 4094 658 4172 nenti,
678 4093 803 4177 prande
822 4094 1003 4177 pelidaeque
1017 4094 1159 4174 pruinae

328 4201 358 4260 et
379 4197 428 4260 ais
448 4216 565 4279 mapna
584 4197 656 4279 peti,
679 4217 829 4280 mapnum
851 4195 1005 4260 duramen
1027 4215 1184 4278 aquarum

328 4303 357 4362 et
376 4318 475 4377 mora,
499 4319 579 4380 puae
596 4300 712 4380 llnoios
728 4301 855 4381 possim
877 4300 1018 4381 refrenat
1038 4301 1148 4364 auritis.

175 4402 219 4467 At
241 4402 268 4466 si
291 4402 380 4467 addit
412 4401 517 4483 „uides
544 4403 610 4466 iam
638 4403 839 4486 manifestam
869 4402 951 4466 inter
982 4406 1148 4485 utrumqne
1179 4404 1280 4469 locum
1307 4405 1404 4469 inter·

175 4505 279 4571 cedere
300 4504 558 4572 similitudinem
583 4506 729 4589 equidem
752 4524 816 4572 non
837 4505 940 4586 video,
963 4505 1025 4573 uisi
1055 4504 1140 4574 forte
1171 4525 1210 4573 ea
1232 4503 1404 4576 manifesta
