3008 5010
641 191 855 257 hipp*

131 399 273 483 φαίδιμος
293 399 353 474 ὑιός
370 400 477 479 ἀνδρὸς
497 399 545 459 ὑπ’
566 401 730 461 οὐτιδανοῖο
750 396 824 462 λέων
844 397 944 474 1121191
965 400 1023 461 ὑπὸ
1044 403 1158 482 νεβροῦ.
1181 397 1266 477 Loci,
1284 413 1364 480 quos

131 500 218 582 apud
241 501 358 565 latinos
381 501 497 580 inveni,
520 500 552 563 hi
576 506 666 564 sunt:
699 500 797 580 Verg.
822 501 878 568 ecl.
903 501 932 565 3.
955 500 1007 567 80.
1031 502 1109 565 Aen.
1133 501 1188 566 IX.
1213 502 1264 583 59,
1288 501 1361 580 339,

132 604 205 682 565,
230 602 364 668 73611.
389 603 460 668 723.
485 602 562 666 Hor.
587 621 612 668 e.
636 601 694 667 ΙΙΙ.
720 603 770 679 11,
793 603 845 666 41.
870 602 927 667 Or.
952 608 1027 670 met.
1051 603 1089 668 V.
1113 603 1185 669 626.
1210 605 1264 669 VI.
1289 604 1362 670 636.

132 708 218 772 trist.
242 705 267 770 I.
292 706 321 771 6.
345 707 375 772 9.
411 705 496 772 Fast.
520 705 560 769 II.
584 704 657 771 209.
683 704 754 769 799.
801 706 844 769 At
866 705 991 769 leonem
1015 724 1077 769 uon
1100 724 1227 787 semper
1250 707 1364 772 caedes

131 809 333 875 committere
356 809 420 872 iam
436 807 597 887 Theognis
613 807 776 871 contendit
791 808 862 872 293.
885 810 953 871 οὐδὲ
973 807 1048 872 λέων
1068 808 1209 890 adoinoia
1224 810 1365 887 δαίνυται,

132 917 208 978 dila
228 938 281 994 μιν
299 909 396 994 ἒμπης
416 915 464 974 καὶ
489 914 632 994 κρατερόν
657 935 713 992 περ
740 912 816 975 ἐόντ’
844 914 932 993 α’γρεῖ
954 911 1110 993 α’μηχανίη
1155 917 1187 974 et
1232 911 1364 977 Ovidius

133 1035 206 1082 eum
229 1016 363 1096 opponit
385 1033 460 1078 urso
483 1014 621 1094 lupoque
644 1013 728 1080 trist.
752 1012 809 1077 Ill.
834 1014 863 1080 5.
887 1013 938 1078 33.

225 1196 227 1200 μ
309 1138 444 1199 corpora
465 1117 667 1200 muyrrauu'mo
689 1117 770 1180 sutis
792 1121 838 1180 est
852 1120 1036 1196 prostrasse
1060 1116 1160 1193 lecum

333 1239 446 1303 pupae
467 1221 683 1301 serumserum,
708 1239 778 1283 carru
800 1221 880 1283 ducet
901 1217 1010 1297 bostis,
1033 1219 1141 1285 babet:

310 1328 344 1387 ot
354 1323 460 1407 damus
482 1327 511 1386 et
532 1328 638 1404 turpes
659 1323 781 1386 instant
800 1322 1005 1386 mordentibus
1026 1323 1096 1386 ursu'

340 1431 369 1490 et
390 1444 590 1507 processuque
611 1426 715 1490 minor
737 1424 898 1490 ruobdu'tute
917 1424 998 1506 fera.

133 1547 242 1627 Lupos
265 1564 425 1627 nunquam
449 1545 537 1611 sitim
560 1545 724 1624 sanguinis
753 1545 918 1625 explentes
941 1545 1031 1608 vides
1056 1545 1152 1624 Verg.
1177 1546 1233 1611 ecl.
1260 1548 1288 1611 7.
1312 1548 1364 1615 51.

132 1649 185 1714 bie
216 1654 336 1713 tautum
368 1649 493 1714 Boreae
527 1667 676 1712 eurardus
706 1648 842 1731 sriporu,
878 1652 1031 1729 quartiano
1063 1668 1229 1712 ettenorum
1261 1650 1365 1730 lapsus.

134 1752 193 1817 Or.
218 1771 278 1816 am.
302 1752 326 1815 Ι.
350 1752 379 1815 8.
404 1751 455 1817 56.
473 1751 573 1832 plenu
594 1750 790 1816 recuccus
813 1750 850 1814 de
869 1771 962 1833 prope
977 1749 1104 1830 praeda
1126 1749 1217 1831 lupis.
1250 1769 1278 1816 a.
1303 1771 1364 1820 am.

132 1855 190 1919 ΙΙΙ.
214 1855 288 1920 419.
311 1853 355 1917 ud
375 1854 492 1918 rutulius
514 1854 591 1934 lupa
612 1853 712 1918 dudd
730 1873 807 1931 oues,
825 1852 998 1933 praedetur
1019 1858 1054 1917 ut
1075 1873 1181 1917 rruuou.
1204 1853 1265 1917 Ubi
1288 1873 1365 1919 vero

134 1975 252 2037 agnam
274 1961 439 2037 ceperunt,
463 1974 625 2037 nunquam
648 1974 718 2019 eam
741 1954 919 2031 dimittunt,
943 1961 1077 2020 utores
1101 1956 1197 2020 etiam
1221 1955 1365 2020 fallacibus

133 2060 283 2140 luporum
307 2077 459 2125 excussae
482 2077 609 2139 semper
632 2076 686 2123 eos
709 2059 859 2122 timeant:
891 2059 936 2121 sic
959 2061 1009 2121 est
1032 2057 1090 2123 Ov,
1115 2064 1189 2122 ruet.
1216 2058 1267 2122 VI.
1291 2059 1365 2136 527,

133 2160 323 2238 1151111111,
353 2161 435 2225 uelut
464 2182 548 2243 αηαα
563 2181 694 2240 procerus,
725 2181 804 2243 ηααο
833 2161 944 2224 saucia
973 2159 1044 2222 eard
1073 2179 1125 2223 ore
1147 2180 1278 2224 excussu
1299 2161 1367 2241 lupi

133 2264 274 2329 ruendum
306 2263 367 2328 su'br'
398 2269 466 2328 tutu
497 2263 627 2328 uidetur.
666 2264 751 2329 trist.
775 2263 800 2326 I.
825 2263 853 2326 1.
878 2264 928 2329 77.
966 2281 1021 2325 ruec
1043 2262 1157 2341 procul
1187 2284 1207 2325 α
1229 2263 1365 2327 staoous

133 2367 229 2432 arrdet
250 2365 404 2431 discedere
425 2365 454 2430 ον’
476 2386 539 2448 prro
561 2385 692 2430 excussu
715 2368 759 2430 est
781 2364 884 2428 auidis
905 2363 1048 2428 dentibus
1071 2385 1155 2446 apuu
1178 2364 1254 2445 lupi.

237 2470 352 2534 Restat
373 2475 409 2533 ut
431 2487 549 2549 paucos
572 2467 703 2533 afferam
722 2468 818 2545 locos
842 2465 955 2548 quibus
977 2468 1064 2531 tauri
1085 2473 1362 2533 commemoratur.

135 2574 180 2636 Ac
204 2573 342 2653 primum
366 2572 494 2653 quidem
524 2577 652 2635 taurum
682 2589 752 2635 omn
784 2572 875 2635 leone
898 2574 1094 2652 pugnantem
1117 2606 1160 2616 —
1182 2573 1301 2637 11487
1326 2608 1365 2617 -

136 2694 216 2740 uuus
238 2673 317 2738 lacit
341 2674 503 2754 Vergilius
526 2674 604 2739 Aen.
628 2674 666 2737 X.
679 2674 753 2751 454,
776 2674 865 2737 Idem
890 2672 987 2738 habet
1010 2678 1140 2737 taurmu
1162 2673 1203 2738 ad
1224 2692 1365 2755 pugnam

139 2784 359 2858 separantem
384 2778 461 2842 Aen.
484 2777 555 2840 XII.
574 2776 635 2842 103
659 2782 691 2841 et
714 2782 825 2840 tauros
842 2776 926 2840 inter
949 2794 983 2840 se
1006 2780 1187 2856 pugnantes
1211 2775 1287 2841 ibid.
1304 2777 1366 2842 715

139 2898 219 2962 quae
240 2881 346 2961 imago
380 2879 478 2945 etiam
510 2880 595 2961 apud
619 2879 767 2944 Ovidium
797 2883 847 2943 est
877 2884 942 2942 met
973 2878 1027 2942 IX.
1051 2878 1103 2942 46.
1150 2879 1275 2943 Taurus
1298 2897 1366 2944 cra-

137 2983 287 3048 bronibus
316 2989 449 3047 vexatus
483 2988 559 3047 met.
591 2982 646 3049 XI.
670 2982 735 3046 334
764 2981 954 3046 Daedalioni
984 2987 1190 3061 comparatur
1222 2982 1254 3046 111
1277 2999 1366 3046 mare

133 3087 260 3151 ruenti:
294 3087 414 3151 ceurila
441 3085 582 3149 merrubru
611 3086 707 3168 farae
736 3083 869 3148 ruurrdut
895 3083 1072 3164 similisque
1093 3085 1221 3149 iuuenco
1243 3085 1367 3166 spicula

134 3189 324 3254 erdbrouuru
340 3208 456 3269 pressu
478 3188 593 3252 ceraue
612 3187 897 3270 parentandum
919 3185 1021 3265 trulla,
1045 3187 1120 3265 ruit,
1146 3185 1199 3250 ubi
1222 3185 1365 3265 Ovidius

134 3293 168 3357 lli
182 3291 287 3372 fallor,
304 3292 447 3372 respexit
469 3318 491 3374 χ
511 3299 577 3357 299.
598 3292 625 3355 οἱ
643 3293 670 3354 δ’
685 3290 825 3375 ἐφέβοντο
839 3296 914 3354 rard
933 3291 1064 3373 μέγαρον
1082 3294 1152 3372 βόες
1173 3289 1212 3368 ὣς
1232 3294 1367 3373 ἀγελαῖοι

134 3402 189 3473 τὰς
207 3399 265 3478 μέν
284 3405 310 3458 τ’
332 3394 430 3472 adulor
449 3391 565 3477 οἶστρος
585 3396 770 3479 ἐφορμηθεὶς
791 3396 949 3477 ἐδόνησεν
991 3393 1135 3474 Longam
1171 3412 1300 3474 revera,
1339 3395 1367 3459 Si

134 3499 297 3581 respicere
320 3499 409 3575 velis.
433 3498 575 3562 inuenies
599 3515 668 3562 esse
692 3499 807 3562 seriem
823 3497 994 3576 imaginem
1011 3515 1030 3559 a
1046 3495 1124 3560 feris
1140 3497 1364 3577 repetitarum.

133 3601 201 3665 Nec
232 3602 358 3678 1111111111,
383 3620 456 3664 narn
493 3604 618 3664 tanturn
652 3617 722 3664 esse
756 3616 924 3663 numerum
957 3597 1110 3676 ferarum,
1145 3600 1198 3662 1111
1232 3606 1270 3663 ut
1303 3599 1365 3663 dici

134 3704 247 3785 possit,
277 3721 380 3784 paene
409 3703 441 3766 in
470 3701 678 3783 proverbium
708 3702 804 3766 abiit:
844 3700 901 3767 Or.
936 3719 964 3765 a.
996 3719 1057 3764 arn.
1088 3701 1145 3768 ΙΙΙ,
1178 3700 1249 3768 150.
1281 3702 1365 3768 trist.

134 3807 173 3873 V.
197 3807 226 3871 2.
251 3807 302 3871 25.
326 3804 440 3886 quibus
463 3805 693 3885 subiungarnus
717 3823 745 3868 a.
770 3823 831 3868 am.
855 3803 897 3867 ΙΙ.
921 3804 994 3869 517.
1211 3814 1217 3819 ·

237 3993 360 4062 Pisces
383 4010 508 4075 quoque
531 3991 572 4056 ad
595 3991 833 4056 multitudinem
864 3990 1058 4071 pingendam
1091 3989 1284 4055 adhibentur
1306 3991 1365 4055 Or.

135 4115 197 4163 am.
220 4096 245 4161 Ι.
270 4095 321 4160 58.
345 4097 431 4163 trist.
456 4095 510 4163 IV.
536 4096 564 4158 1.
588 4095 639 4159 55.
663 4095 701 4161 V.
725 4095 755 4161 2.
780 4093 830 4160 25.
856 4112 895 4158 en
917 4093 951 4160 P.
975 4093 1015 4158 Il.
1041 4094 1069 4157 7.
1094 4094 1145 4159 28.
1190 4093 1366 4158 Praeterea

135 4217 199 4262 non
230 4205 298 4264 tam
331 4199 449 4264 multas
482 4198 637 4278 imagines
672 4197 826 4275 invenias
862 4193 976 4277 quibus
1008 4196 1112 4276 pisces
1140 4195 1262 4260 inducti
1290 4198 1365 4264 sint.

136 4302 319 4366 Piscatores
341 4303 403 4382 ipsi
427 4301 544 4366 nemini
567 4306 750 4365 nostrorum
765 4305 936 4379 poetarum
951 4299 1125 4378 imaginem
1137 4300 1365 4379 praebuerunt.

135 4406 351 4470 instrumenta
373 4423 484 4470 eorum
507 4405 555 4468 bis
574 4403 707 4468 Ouidio:
737 4420 814 4466 rem.
840 4421 901 4466 am.
924 4401 998 4466 448.
1027 4421 1081 4466 uec
1103 4403 1184 4466 sutis
1205 4407 1251 4467 est
1273 4402 1367 4485 liqui-

135 4507 188 4572 du's
208 4509 322 4573 audeus
344 4506 457 4572 burrus
480 4508 581 4590 aqua.
606 4507 681 4571 trist
705 4504 760 4569 Ill.
784 4506 814 4569 4.
842 4505 890 4568 11.
915 4505 1034 4586 aspicis
1055 4509 1091 4569 ut
1116 4525 1241 4570 sumrrru
1263 4511 1367 4570 certer

136 4610 213 4676 leuis
245 4611 365 4676 1111111111
403 4608 499 4688 undu,
541 4627 611 4673 euru
641 4629 738 4691 prave
770 4628 852 4673 reru
888 4608 985 4673 simul
1014 4609 1095 4673 retr'u
1125 4613 1247 4689 ruerunt
1278 4627 1367 4685 opus.

1222 4720 1246 4768 a
