3008 5010
665 176 877 239 ..11-

157 400 230 445 nam
254 380 312 444 boc
335 379 403 444 loco
425 399 488 443 non
516 385 582 443 tam
605 379 745 443 colorem
777 387 874 461 poeta
897 386 1032 460 spectat,
1065 401 1160 462 quam
1184 382 1289 446 subito
1313 400 1386 446 eum

159 484 268 548 uenire
296 488 329 548 et
350 501 462 547 rursus
493 501 693 546 eurrnesccre.
740 483 887 547 bleridioi
919 483 1038 548 candor
1060 484 1210 549 laudatur
1242 484 1308 549 ber.
1337 484 1386 552 15.

158 587 232 654 318.
256 585 420 650 candidior
442 585 541 649 aredio
563 604 626 649 noa
652 586 711 649 orit
732 585 790 649 trra
812 586 869 650 ete.
913 585 1057 665 Noctem,
1088 606 1170 668 quae
1200 587 1232 652 in
1255 588 1387 652 Homeri

158 690 348 770 imaginibus
386 690 513 770 saepius
549 689 653 753 locum
690 689 804 754 babet:
842 691 878 755 A.
903 689 954 753 47.
999 694 1080 753 νυκτὶ
1098 691 1198 766 ἐοικώς
1236 697 1261 753 λ.
1283 694 1386 759 boe-d

158 795 298 882 ολέοεμοῇ
317 798 398 858 asari
417 795 516 871 ἐοικώς
535 829 577 839 -
599 798 715 873 poetae
738 793 871 873 elegiaci
894 793 988 874 plane
1011 793 1197 858 omiserunt.

263 1012 368 1097 Solis,
398 1015 462 1096 qui,
494 1020 531 1078 ut
561 1015 608 1079 ait
630 1015 761 1079 Ovidius
794 1019 868 1080 met.
892 1016 916 1079 I.
942 1016 1013 1094 135,
1045 1015 1190 1079 omnibus
1223 1020 1273 1080 est
1303 1033 1388 1078 com-

161 1117 276 1197 munis,
300 1117 449 1197 perpetui
472 1135 583 1182 cursus
606 1135 678 1182 cnm
708 1117 773 1181 sint
801 1118 833 1181 in
856 1118 970 1182 Licinii
993 1116 1084 1182 Calvi
1113 1116 1294 1197 fragmento
1324 1121 1389 1180 tre-

162 1220 301 1285 decimo:
332 1219 518 1300 seipsoque
540 1225 708 1301 perpetuos
737 1219 874 1285 aracruioit
902 1220 1090 1301 requiescere
1112 1218 1278 1304 carmem)
1308 1237 1389 1300 quae

161 1322 260 1386 verba
282 1340 352 1387 esse
375 1321 434 1386 Jus
456 1320 551 1386 finem
574 1341 721 1387 errorum
738 1323 950 1388 desiderantis
972 1324 1132 1389 Lucienus
1147 1323 1264 1388 Miiller
1286 1323 1390 1402 suspi-

160 1430 260 1505 catur,
284 1426 337 1488 vix
361 1424 491 1490 dubium
514 1425 593 1489 mibi
616 1425 742 1490 uidetur
766 1444 844 1505 esse,
859 1427 955 1516 puin,
985 1427 1039 1508 qui
1064 1445 1101 1490 ea
1124 1426 1298 1491 memoriae
1321 1442 1388 1489 ser-

160 1529 257 1608 uauit,
304 1527 434 1593 Servius
458 1547 497 1592 ex
519 1529 695 1608 imaginum
718 1527 800 1593 serie
823 1547 862 1593 ea
885 1530 1091 1611 decerpserit,
1117 1549 1180 1611 qua
1202 1532 1391 1593 enumerata

159 1631 314 1712 petiuerit
336 1631 385 1711 J0,
418 1649 489 1696 curn
513 1649 623 1696 omnes
652 1632 787 1713 denique
817 1630 974 1698 adfinem
1005 1632 1149 1697 laborum
1172 1633 1388 1713 peruenirent,

160 1739 197 1798 ut
219 1734 280 1799 sibi
303 1752 428 1815 quoque
451 1734 580 1798 tandem
603 1735 807 1815 requiescere
831 1736 953 1800 liceret.
990 1735 1102 1816 Vigori
1126 1735 1290 1799 radiorum
1313 1734 1389 1799 solis

160 1836 384 1902 fortitudinem
406 1837 468 1901 uiri
490 1843 657 1918 comparat
680 1838 896 1904 Mimnermus.
922 1839 972 1903 14.
997 1839 1046 1903 11.
1082 1842 1123 1903 ὅτ’
1146 1842 1271 1927 αὐγῇσιν
1291 1836 1389 1921 φέρετ’

162 1936 270 2015 εἴκελος
290 1940 405 2022 ἠελίοιο.
451 1939 546 2004 Nitor
568 1939 644 2005 solis
666 1941 730 2004 iam
753 1941 839 2022 apud
861 1941 1035 2005 Homerum
1059 1959 1154 2022 saepe
1177 1941 1282 2005 estin
1305 1957 1390 2004 com-

161 2041 393 2121 parationibus,
418 2042 474 2107 sed
490 2042 536 2107 ite
559 2048 595 2107 ut
616 2049 713 2124 poeta
735 2061 798 2107 non
813 2044 1001 2124 neglexerit,
1026 2044 1124 2109 alium
1147 2061 1217 2108 esse
1233 2042 1305 2107 aliis
1327 2042 1391 2106 diei

161 2142 358 2225 temporibus
389 2146 465 2210 solis
488 2145 636 2211 colorem.
681 2146 809 2211 Etenim
832 2150 870 2212 K.
894 2147 956 2212 547
982 2147 1087 2230 (ἵπποι)
1108 2149 1197 2222 οἰνος
1216 2146 1392 2209 οἰκοίοέσοοο

162 2249 287 2324 ἐοικότες
306 2249 413 2332 ἠελίοιο
434 2265 463 2317 et
482 2247 513 2318 Ξ
532 2260 588 2319 185
608 2254 711 2314 leesor
731 2245 799 2334 δ’ἧν
828 2251 922 2333 ἠέλιος
942 2250 983 2327 ὥς
1005 2249 1207 2331 splendorem
1231 2248 1392 2313 albescen-

164 2354 229 2414 tem
252 2350 389 2432 intelligi
404 2353 484 2430 vult,
509 2358 621 2417 contra
642 2353 681 2420 X.
700 2353 771 2417 134.
800 2357 880 2438 (ipat
911 2356 943 2417 δὲ
970 2356 1080 2436 χάλκος
1104 2340 1256 2433 ἐλάμπετο
1284 2349 1392 2424 εἴκελος

163 2457 242 2542 αὐγῇ
261 2450 281 2536 ἢ
301 2458 392 2538 πυρὸς
411 2455 576 2539 αἰθομένου
596 2453 616 2540 ἢ
636 2456 735 2539 ἠελίου
748 2459 879 2533 ἀνιόντος
901 2454 1061 2522 ruborem.
1086 2454 1191 2520 Solem
1207 2453 1308 2518 nubes
1323 2453 1392 2517 vin-

165 2561 288 2620 centem
310 2556 360 2622 bis
375 2556 511 2624 Ovidius
533 2559 666 2636 induxit,
690 2563 727 2623 ut
741 2558 859 2623 laetam
875 2560 1087 2640 Proserpinae
1110 2558 1260 2639 pingeret
1276 2555 1392 2620 faciem

164 2663 238 2722 met.
263 2659 300 2724 V.
324 2660 397 2726 570.
422 2666 459 2726 ut
480 2662 537 2739 sol,
567 2661 736 2742 quiteriae
762 2662 889 2742 crpuosis
911 2662 1046 2726 arealibus
1075 2665 1145 2725 uude
1158 2659 1236 2743 fait,
1268 2657 1393 2722 ‘dimise

163 2762 297 2826 rudibus
319 2763 432 2846 extre>
456 2766 496 2830 ad
513 2765 944 2846 Vertumnipulcritudinem
966 2763 1190 2829 illustrandam
1207 2767 1280 2827 met.
1305 2762 1390 2826 XIV.
1438 2834 1441 2843 ¹

165 2865 236 2930 768.
279 2865 382 2946 quotis
414 2868 469 2930 abi
511 2869 667 2948 oppositos
699 2868 893 2933 rabidissima
933 2868 1010 2933 solis
1042 2867 1146 2950 cinopo
1177 2866 1264 2930 evicit
1295 2865 1393 2929 scobes

163 2967 310 3048 stultaque
331 2969 469 3035 obstante
490 2969 656 3054 aulaeum)
702 2971 817 3036 Oculos
841 2989 950 3036 amore
973 2971 1127 3035 micantes
1150 2969 1249 3034 radiis
1273 2969 1348 3034 solis
1371 2988 1391 3033 a

164 3118 369 3126 .-—..---—-.

163 3171 313 3225 werdekeit
341 3172 400 3240 bez,
430 3175 483 3228 den
512 3174 562 3227 der
592 3175 662 3229 meis
691 3175 750 3228 und
779 3174 806 3228 al
823 3177 883 3228 sine
913 3176 1007 3241 doene,
1035 3174 1079 3229 die
1098 3173 1142 3228 die
1159 3172 1254 3244 rogele
1273 3172 1392 3243 singent.

165 3255 278 3326 (Haupt.
296 3258 473 3328 Minnesangs
489 3259 631 3330 Friihling.
650 3260 708 3314 141.
728 3259 780 3330 12.)

269 3361 300 3431 17)
318 3362 411 3418 uerbis
440 3364 565 3433 ,infectis
582 3393 615 3405 --
633 3364 779 3433 nubibus“,
806 3365 908 3435 quippe
934 3364 1035 3432 quibus
1059 3364 1222 3433 opposuerit
1248 3365 1312 3432 „aut
1328 3380 1394 3432 pur-

164 3452 420 3518 pureaeaurorae“,
439 3452 720 3521 poetauespertinum
739 3451 809 3505 caeli
826 3451 958 3506 ruborem
970 3451 1125 3521 significare
1143 3449 1238 3516 uoluit,
1257 3449 1293 3503 sd
1311 3465 1395 3516 quem

164 3535 364 3589 nominandum
381 3538 494 3607 propria
511 3555 566 3592 uox
583 3538 664 3592 latini
681 3539 816 3592 sermonis
834 3539 860 3591 ei
876 3541 988 3607 praesto
1006 3554 1062 3591 non
1080 3540 1146 3591 erat.
1165 3537 1208 3590 Its
1225 3535 1393 3590 sententiam

166 3620 304 3688 explicare
322 3638 378 3677 non
395 3640 548 3693 possemus,
567 3626 590 3678 si
609 3625 733 3694 ,aduersi
751 3624 817 3679 solis
835 3625 870 3679 ab
887 3625 960 3679 ὶολιια
981 3623 1055 3678 idern
1074 3625 1147 3677 esset
1165 3624 1248 3690 atque
1269 3621 1318 3688 ,ab
1336 3621 1394 3674 ictu

163 3704 229 3759 solis
246 3706 276 3759 in
292 3707 408 3762 aduersa
423 3711 503 3777 parte
527 3710 597 3763 caeli
618 3711 741 3764 stantis“.
779 3711 814 3764 At
837 3714 960 3766 nonest.
995 3709 1088 3764 Voluit
1115 3708 1188 3762 enim
1206 3708 1289 3776 poeta
1307 3706 1392 3777 signi·

164 3792 254 3859 ficere,
272 3809 329 3846 non
345 3795 435 3847 totam
452 3794 555 3847 nubem
572 3796 727 3864 rubescere,
750 3797 799 3850 sed
817 3797 899 3851 modo
918 3812 979 3851 eam
997 3795 1079 3850 nubis
1097 3797 1216 3864 partem,
1244 3809 1315 3859 quae
1333 3793 1392 3846 ictu

166 3878 232 3933 solis
251 3880 367 3933 adversa
385 3880 429 3947 sit,
448 3879 524 3947 quod
541 3882 639 3946 quouis
656 3898 772 3951 vespero
789 3883 819 3936 in
837 3881 914 3937 caelo
931 3883 1055 3951 aspicere
1072 3884 1159 3951 potes.

268 3983 300 4053 ¹³)
318 3983 398 4037 alitor
415 3982 605 4036 Mimnermus.
625 3982 664 4036 12.
698 3983 799 4041 Ἠέλιος
826 3987 873 4050 μὲν
891 3983 936 4053 γολρ
953 3982 1032 4035 πόνον
1062 3983 1167 4050 ἔλλαχεν
1195 3981 1278 4047 ἧμοτο
1307 3981 1391 4031 πάντα

168 4068 285 4119 οὐδέποτ’
304 4067 425 4136 ἄμπαυσις
442 4074 550 4138 γίγνεται
569 4067 678 4134 οὐδεμία.

273 4172 303 4242 ¹⁹)
322 4173 449 4227 similiter
466 4171 604 4227 Henricns
628 4171 908 4242 deMorungen129.
927 4173 968 4225 20.
987 4173 1010 4226 si
1035 4171 1137 4226 liuhtet
1155 4187 1215 4226 sam
1239 4172 1289 4226 der
1306 4187 1394 4225 sunne

168 4261 230 4312 tuot
248 4275 334 4329 gegen
352 4260 416 4312 dem
434 4259 539 4314 lichten
556 4275 686 4330 morgen:
707 4259 721 4311 e
739 4275 794 4312 was
812 4258 834 4311 si
852 4257 1012 4328 verborgen.

269 4365 303 4432 20)
321 4364 389 4418 haec
407 4365 481 4418 inter
496 4364 712 4433 perfectissimas
731 4363 821 4418 Ovidii
838 4361 1034 4417 similitudines
1051 4362 1179 4418 habenda
1196 4365 1246 4430 est,
1265 4378 1337 4428 cum,
1362 4363 1395 4414 ut

168 4449 319 4504 Vertumno
337 4450 387 4517 sol,
400 4451 440 4504 ita
457 4450 577 4505 nubibus
588 4450 743 4505 uelamenta
761 4449 846 4504 anilia
859 4450 1053 4519 respondeant,
1067 4450 1169 4518 quibus
1187 4466 1216 4503 se
1229 4449 1297 4503 deus
1315 4465 1396 4502 occu·

168 4532 266 4601 luerat,
289 4536 383 4603 itaque
400 4536 472 4589 nibil
495 4552 584 4605 neque
604 4536 785 4604 desideretur,
811 4551 900 4606 neque
919 4551 1156 4609 superuacaneum
1174 4535 1217 4602 sit,
1241 4536 1273 4587 ut
1289 4533 1393 4587 iustam

168 4618 321 4676 babeamus
340 4622 583 4694 comparationem.
