3008 5010
660 208 874 279 ⁴⁴13-

151 419 318 484 concinere
341 438 411 484 cum
434 418 576 483 eiusdem
600 419 790 499 tragoediae
820 419 966 484 versibus
989 419 1052 484 838
1076 413 1385 504 εῧγᾰρέξεπίσταμαι

150 524 265 604 ὁμιλίας
283 526 456 603 κάτοπτρον,
478 520 602 586 εἴδωλον
622 528 705 597 σκιᾶς
725 520 846 605 (ὄχλον).
869 521 1023 586 Umbram
1045 521 1166 586 timidis
1183 527 1303 587 metum
1319 522 1379 586 ini-

152 625 285 689 cientem
316 621 415 688 habes
448 643 486 687 ex
520 623 554 690 P.
578 623 620 690 ΙΙ.
653 625 681 688 7.
708 625 757 687 14.
790 644 932 704 uariaque
962 623 1102 687 sollicitis·
1133 624 1240 688 laxarat
1270 625 1384 688 anatra

151 731 270 793 iratam.
317 725 372 791 Sol
401 732 435 790 et
464 726 539 790 luna
569 727 602 789 in
632 727 733 790 vicem
763 726 859 805 caelo,
887 727 1138 805 „orrirzistr·oates“
1170 727 1256 807 apud
1286 746 1384 793 unum

149 833 277 893 exstant
299 829 506 909 Propertium
540 829 745 909 111,15.35.
776 829 880 909 aspice
908 829 955 892 nti
983 829 1065 892 caclo
1095 829 1185 893 arando
1215 829 1263 893 sol
1292 830 1384 893 modo

148 933 225 995 ίααα
248 930 407 1008 ricini-stret,
430 931 475 994 sto
498 931 591 995 etium
612 930 701 994 scobis
723 951 786 994 ανα
803 932 914 1011 puello
930 936 1089 1012 parentat.

200 1152 201 1157 ’
254 1151 379 1220 Sidera
401 1154 516 1220 noetis
540 1172 640 1234 usque
656 1154 696 1218 ad
712 1159 856 1219 nostram
879 1159 1019 1219 aetatem
1036 1155 1181 1219 omnibus
1203 1152 1384 1220 hominibus

150 1257 230 1320 adeo
260 1256 409 1321 adamata
436 1263 520 1334 sunt,
554 1256 607 1321 vix
630 1263 666 1320 ut
687 1258 800 1320 mirari
832 1275 1011 1338 possumne,
1041 1258 1068 1322 si
1090 1258 1244 1338 permulti
1266 1263 1383 1338 poetae

149 1377 187 1423 ea
221 1357 479 1439 frequentissime
510 1359 704 1424 carminibus
733 1360 798 1424 suis
830 1360 1019 1424 immiscent.
1065 1360 1187 1441 Figura
1215 1361 1311 1424 lunae
1334 1366 1385 1425 est

149 1461 234 1542 apud
256 1461 422 1526 Moschum
453 1463 481 1527 1.
506 1463 556 1529 88.
603 1461 727 1545 ἄντυγος
747 1465 895 1544 ἡμιτομοῢ
922 1470 1030 1547 κεραῆς
1051 1462 1105 1526 ἅτε
1124 1467 1215 1529 κύκλα
1235 1467 1380 1546 Σελήνης.

150 1562 208 1628 Or.
232 1568 307 1629 met.
340 1563 396 1628 III.
430 1564 492 1630 682
516 1563 642 1646 falcato
673 1563 846 1628 nooissc'nm
876 1564 980 1629 condo
1011 1569 1064 1644 est,
1096 1564 1205 1645 qcaolc'o
1236 1565 1385 1630 clc'ntr'dr‘ne

148 1667 317 1730 sinuentur
339 1687 458 1730 οονοαο
480 1667 581 1730 lunae.
627 1666 757 1732 Clarum
780 1666 874 1731 lunae
897 1667 1067 1732 candorem
1090 1668 1213 1748 primus
1236 1669 1379 1733 laudavit

148 1771 308 1836 Homerus
330 1771 355 1838 I.
379 1771 443 1836 374
465 1775 644 1856 (σάκος)τοῦ
660 1772 849 1834 (λα’πάνεοθε
870 1769 956 1848 σέλας
975 1770 1069 1852 γένετ’
1091 1772 1165 1854 ἠΰτε
1178 1776 1285 1854 μήνης,
1309 1778 1384 1852 post

149 1872 337 1939 Theocritus
353 1874 382 1938 2.
399 1874 440 1938 79
463 1877 583 1957 στήθεα
603 1875 636 1936 δὲ
650 1874 816 1955 στίλβονῑαι
830 1878 903 1937 πολὺ
923 1871 1046 1956 πλέονῆ
1063 1877 1107 1948 τύ,
1128 1876 1256 1950 Σελάνα,
1287 1892 1382 1955 quam

150 1977 321 2055 imaginem
343 1976 451 2056 paullo
473 1976 612 2041 mutarit
633 1975 788 2040 Horatius
811 1994 836 2040 c.
860 1975 900 2039 Π.
924 1974 954 2039 5.
980 1975 1030 2043 18.

455 2099 519 2142 οοα
543 2076 667 2143 Chloris
690 2078 760 2144 elbo
781 2078 826 2142 sic
849 2097 958 2142 αοανο
980 2078 1089 2155 nitens,

456 2186 595 2262 ratpero
616 2186 766 2245 nocturno
788 2181 907 2246 renidet

457 2283 535 2347 lano
555 2281 691 2365 moram)

149 2407 222 2452 nam
244 2406 307 2451 non
338 2387 432 2451 lunae
471 2386 602 2450 candori
641 2384 748 2450 album
777 2403 923 2450 umerum
955 2390 1130 2465 comparat,
1162 2385 1218 2450 sed
1248 2387 1382 2467 imagini

148 2492 242 2556 lunae
271 2488 311 2556 ab
334 2490 427 2555 undis
458 2489 607 2556 reiectae.
652 2488 836 2571 Lygdamus
866 2507 991 2571 quoque
1015 2489 1047 2552 in
1071 2489 1285 2570 descriptione
1308 2489 1380 2570 pul-

149 2612 221 2660 crae
255 2593 383 2676 puellae
411 2592 492 2657 luna
525 2592 637 2671 utitur,
683 2610 746 2673 qua
779 2591 858 2655 milri
900 2610 963 2656 non
996 2597 1063 2656 tam
1092 2590 1199 2656 album
1234 2593 1377 2673 corporis

149 2698 297 2775 colorem,
320 2715 416 2778 quarn
439 2695 539 2760 totius
561 2692 684 2776 figurae
711 2695 850 2758 nitorem
873 2695 1055 2775 exprimere
1078 2694 1217 2760 noluisse
1240 2695 1380 2760 videtur.

148 2801 276 2865 Etenim
310 2819 382 2864 cnm
415 2799 501 2863 dicat
530 2798 560 2862 4.
595 2797 637 2862 29
670 2796 788 2861 cortdor
821 2801 888 2862 croi
910 2797 1034 2878 preclaro
1060 2798 1204 2880 praefert
1237 2797 1375 2862 Lotom'o

148 2903 225 2967 laneo
252 2907 280 2967 ct
309 2903 392 2967 color
414 2902 456 2965 αα
489 2900 576 2965 niueo
615 2920 741 2981 corpore
764 2920 957 2983 purpureus,
995 2901 1047 2964 vix
1080 2899 1211 2965 eredere
1241 2919 1381 2981 possum,

152 3006 236 3087 quod
270 3007 302 3070 in
332 3005 519 3070 hexametro
561 3005 701 3084 imagine
743 3023 763 3067 a
803 3003 878 3067 luna
924 3003 1095 3083 desumpta
1135 3004 1303 3084 expressit,
1350 3003 1383 3067 id

149 3127 221 3172 eum
252 3108 285 3171 in
321 3111 524 3186 pentametro
558 3106 695 3187 simplici
723 3122 800 3169 voce
835 3104 980 3183 „triveam
1017 3102 1222 3184 significasse.
1270 3105 1383 3186 Imago

149 3211 253 3289 lunae,
296 3209 346 3272 oui
391 3226 501 3274 omnes
544 3207 659 3273 stellae
699 3207 823 3286 cedant,
873 3213 978 3272 exstat
1024 3206 1082 3274 Ov.
1119 3206 1186 3271 her.
1233 3210 1283 3272 17.
1330 3210 1381 3272 71.

149 3310 309 3395 (Leander
350 3310 458 3375 lunam
499 3310 687 3393 alloquitur)
732 3314 884 3390 quartiano
920 3329 990 3373 curn
1027 3308 1139 3392 fulges
1181 3309 1285 3374 radiis
1329 3331 1382 3373 αν-

146 3419 238 3497 peota
263 3413 359 3494 puris
382 3414 556 3492 ,corradant
576 3411 721 3494 flammis
749 3411 855 3476 sideru
877 3416 986 3476 οαοολα
1009 3412 1080 3476 tuis.
1133 3412 1276 3477 Eandem
1299 3413 1378 3478 ima-

149 3519 255 3599 ginem
289 3519 352 3582 iam
386 3523 481 3581 antea
528 3536 591 3581 non
635 3516 737 3581 solum
781 3515 941 3580 Homerus
988 3521 1202 3596 usurpaverat
1246 3519 1275 3580 Θ
1307 3514 1382 3582 552.

149 3615 189 3690 ολς
208 3611 281 3677 d‘dc‘
301 3614 334 3676 ἒν
353 3615 472 3701 οὐρανῷ
492 3610 588 3694 ἄστρα
609 3616 734 3696 φαεινήν
760 3613 840 3695 ἀμφὶ
860 3614 987 3694 σελήνην
1013 3612 1118 3694 φαίνοτ
1138 3612 1311 3695 ἀριπρεπέα,
1333 3611 1383 3673 ὅτε

148 3719 176 3779 τ’
195 3715 299 3780 ἔπλετο
320 3719 448 3797 νήνεμος
467 3717 562 3798 αἰθήρ

149 3827 200 3886 sed
221 3828 307 3886 eliam
328 3824 460 3899 Sapphus
480 3822 554 3884 fas
574 3814 698 3900 ἄστερες
717 3818 775 3898 μὲν
794 3819 875 3899 ἀμφὶ
894 3820 988 3879 κάλαν
1008 3820 1136 3880 σελάναν

572 3913 641 3998 αἶψ’
661 3922 874 4001 α’ποκρύπτοιοι
894 3924 1025 4003 φάοννον
1045 3913 1131 3994 εἶδος,

573 4020 731 4084 ..ὅπποτα
752 4027 904 4105 πλήθοιοα
924 4026 1055 4102 μάλιστα
1075 4013 1180 4107 λάμπῃ

571 4131 628 4206 γᾶν
650 4172 656 4184 .
677 4172 684 4187 .
707 4170 742 4186 ..

573 4274 694 4290 .....
715 4224 841 4310 ὀργνρία

148 4343 186 4402 ut
208 4335 367 4420 particula
389 4339 446 4421 pla
477 4338 555 4404 satis
589 4338 691 4418 docet,
716 4357 778 4403 non
811 4342 920 4418 potest
957 4356 1036 4419 esse,
1072 4338 1133 4402 nisi
1168 4336 1385 4403 similitudinis

252 4566 285 4636 ⁹⁴)
303 4567 419 4621 ueniunt
437 4564 507 4621 milri
525 4567 555 4621 in
575 4571 698 4623 mentem
718 4567 808 4637 pulcri
826 4583 922 4622 versus
940 4567 988 4622 Or.
1008 4567 1065 4623 her.
1086 4568 1126 4622 17.
1145 4569 1186 4622 77.
1204 4565 1278 4620 nardo
1296 4581 1385 4632 reper-

149 4666 243 4705 cussae
260 4648 391 4707 radiabat
407 4655 523 4723 imagine
543 4655 622 4708 laruae
640 4660 666 4711 et
683 4655 757 4709 αιλον
774 4655 804 4707 in
822 4656 905 4710 incita
923 4660 1000 4710 nocte
1017 4653 1138 4708 diurnus
1156 4658 1230 4705 erut.
