3008 5010
684 206 899 277 mqg.e

384 404 423 482 ὥς
444 403 584 489 δ’όίνεμοι
605 409 657 471 δύο
677 412 786 473 πόντον
805 409 936 492 ὀρίνετον
955 413 1129 493 ἰχθυόεντα,

380 512 501 593 Βορρῆς
519 512 568 573 καί
587 511 731 596 Ζέφυρος,
751 517 824 576 τάτε
845 514 1009 602 Θρῄκηθεν
1029 513 1130 596 ἄητον,

379 613 499 677 ἓλθόντ“
518 613 672 696 ἐξαπίνης·
686 613 795 697 ιίμυδις
815 614 848 679 δέ
867 640 900 679 τε
920 622 1002 698 κόμα
1021 622 1153 680 κελαινδν

378 719 549 799 κορθύεται,
569 721 678 781 πολλόν
697 719 731 782 δὲ
750 719 843 802 παρὲξ
863 717 922 782 ἅλα
942 726 1033 803 φῦκος
1052 717 1162 801 ἔχευαν

173 825 332 907 adquam
355 827 453 891 etiam
468 827 692 894 Eratosthenis
716 829 803 893 loeus
825 828 904 893 mihi
926 828 1033 894 redire
1055 829 1192 908 videtur,
1217 834 1250 893 et
1273 833 1313 892 ll·
1341 828 1409 894 765

378 950 418 1026 ὥς
437 943 569 1033 δἘόρός
587 974 621 1012 τε
641 952 739 1026 Νότος
758 953 786 1012 τ’
805 950 983 1034 ἐριδαίνετον
1003 953 1150 1035 οἷλληλοαν

377 1049 480 1136 οὔρεος
498 1053 531 1115 έν
548 1056 664 1140 βήσσῃς
683 1051 802 1135 βαθέην
821 1052 1017 1135 πελεμιζέμεν
1036 1053 1110 1136 ὕλην

376 1159 474 1239 φηγόν
493 1179 527 1218 τε
545 1154 651 1238 μελίην
670 1179 704 1218 τε
723 1157 901 1238 τανύφλοιόν
920 1180 954 1219 τε
973 1159 1118 1240 κράνειαν,

283 1323 285 1327 ,
375 1258 441 1322 aire
461 1263 535 1342 πρὸς
554 1260 682 1335 α’λλίλας
701 1255 808 1340 ἔβαλον
827 1263 989 1342 τανυήκεας
1009 1257 1095 1335 ὄζους

377 1364 442 1450 ἠχῇ
460 1361 619 1448 θεσπεσίη,
639 1365 772 1444 πάταγος
792 1359 826 1425 δέ
844 1385 877 1425 τε
896 1364 1101 1445 α’χνυμενάων.

170 1472 273 1551 valde,
310 1472 344 1536 ni
379 1470 484 1552 fallor,
522 1471 714 1553 placuerunt
749 1471 905 1553 Vergilio,
943 1474 1062 1554 quippe
1099 1473 1154 1555 qui
1190 1478 1251 1552 ter,
1287 1477 1324 1537 ut
1352 1480 1406 1539 est

170 1574 340 1656 grandium
372 1575 549 1657 imaginum
581 1576 829 1656 amantissimus,
860 1577 907 1642 ita
938 1595 993 1641 eas
1024 1576 1196 1654 coniunxit,
1230 1580 1268 1640 ut
1300 1577 1405 1643 undas

169 1677 264 1743 simul
287 1683 320 1742 et
342 1677 439 1743 silvas
454 1678 669 1759 procellarum
692 1679 724 1743 vi
747 1676 893 1744 turbatas
909 1679 1093 1743 exhiberet:
1117 1677 1234 1757 Georg.
1252 1677 1309 1742 Ill.
1328 1679 1403 1745 196.

282 1866 285 1874 ,
344 1797 449 1881 qualis
470 1797 668 1880 hyperboreis
689 1797 795 1880 aqm'lo
818 1817 888 1861 eum
910 1797 1026 1862 deusus
1048 1797 1086 1861 ab
1110 1797 1175 1861 am‘s

343 1899 483 1965 iuoubur't
504 1898 706 1983 Scythiaeque
727 1899 841 1965 tumes
863 1904 954 1983 atque
975 1899 1070 1964 aru'da
1091 1900 1196 1983 differt

342 2002 467 2068 uubu'la:
481 2003 556 2066 'tum
577 2006 690 2085 seques
712 2001 793 2066 altae
815 2001 976 2085 campique
995 2007 1138 2068 autumes

343 2105 464 2172 lembus
484 2104 668 2171 horrescam
679 2105 798 2187 flabris
819 2125 1019 2188 summaeque
1039 2124 1182 2172 sartorem

343 2210 421 2274 daut
441 2208 538 2274 siluae
560 2209 703 2292 loupique
723 2213 835 2292 arqeut
857 2208 900 2273 ad
921 2208 1014 2272 litera
1026 2208 1163 2290 fluetus:

340 2312 393 2378 elle
413 2312 498 2377 ualui
518 2311 614 2377 simul
635 2331 714 2375 arua
727 2311 815 2395 fupa
835 2311 931 2376 simul
952 2330 1089 2394 aequora
1110 2332 1244 2378 uerreas.

167 2417 246 2481 Aen.
262 2415 304 2484 11.
320 2415 394 2484 416.
417 2415 544 2481 aduersi
564 2419 657 2496 rupta
679 2434 734 2480 eeu
755 2414 914 2498 quomdam
934 2413 1056 2478 turbiue
1077 2415 1159 2480 aeutu'
1210 2482 1213 2489 ,

423 2518 590 2602 ιοιηίίηαιιί
612 2516 837 2602 Zephyrusque
860 2517 1024 2601 Notusque
1045 2522 1073 2583 et
1094 2518 1178 2583 latus
1199 2518 1263 2583 em‘s

423 2620 535 2687 Eurus
556 2621 661 2705 equis:
683 2621 820 2686 stridunt
841 2621 939 2687 siluae
959 2620 1115 2704 saeuitque
1135 2620 1262 2686 iru‘demi

423 2746 571 2808 spumeus
593 2729 684 2808 utque
704 2725 767 2789 'uua
791 2723 916 2790 Nereus
936 2723 993 2789 alet
1014 2712 1153 2808 aequora
1165 2725 1283 2809 faudo.

166 2829 245 2896 Aen.
269 2830 308 2896 X.
332 2829 383 2895 97.
796 2847 850 2892 eeu
862 2826 1002 2909 flamma
1016 2827 1127 2908 praua

370 2951 441 2997 eum
462 2927 614 3013 deprensa
626 2930 774 3013 fremuut
794 2929 885 2994 sr‘luu‘s
906 2935 935 2995 et
956 2949 1047 2996 ταυτα
1068 2930 1207 2996 uolutaui

370 3054 546 3114 murmura,
568 3038 714 3101 aeuiuras
735 3032 843 3099 aauiis
857 3032 1027 3115 proaemio
1048 3038 1161 3099 reatos.

165 3144 338 3220 praeterea
358 3156 448 3205 mare
471 3157 491 3204 a
512 3139 617 3203 ventis
640 3138 799 3219 agitatum
823 3137 855 3201 in
871 3137 1110 3218 comparatione
1132 3142 1320 3218 persecutus
1343 3146 1396 3205 est

164 3241 243 3307 Aen.
267 3241 298 3306 X
320 3241 394 3308 356.

575 3364 688 3429 mapuo
710 3343 868 3410 dissordes
890 3343 1010 3409 uetuere
1031 3343 1113 3408 aemi

362 3446 488 3529 praelia
509 3467 563 3513 eeu
584 3448 695 3514 tolluui
716 3447 832 3513 auimis
853 3451 881 3512 et
901 3446 1023 3513 auibus
1044 3447 1161 3530 aequis,

368 3570 431 3616 aaa
453 3551 515 3634 'quse'
535 3552 616 3618 mter
636 3573 677 3634 se,
700 3572 764 3617 aaa
785 3548 902 3631 audita,
925 3571 988 3615 aaa
1009 3569 1096 3616 mare
1118 3547 1203 3627 cedd,

368 3674 480 3737 auceps
494 3675 607 3739 pupua
628 3655 692 3737 diu,
715 3660 800 3721 stum
821 3655 936 3720 oduiaa
957 3654 1064 3720 amm‘a
1085 3659 1201 3719 aaulra.

162 3768 302 3856 illustra,
325 3792 408 3855 quae
430 3779 506 3840 sunt
528 3775 561 3839 in
585 3774 758 3841 Simonidis
779 3773 819 3840 fr.
845 3773 885 3838 12

416 3897 459 3972 ,ὥς
478 3897 592 3960 όπόταν
611 3895 761 3980 χειμέριον
780 3899 856 3960 κατδ
875 3902 959 3979 μῆνα
979 3901 1103 3982 πινόσκη

419 4002 498 4076 Ζεδς
517 3997 622 4081 ἄματα
641 3997 773 4082 τέσσαρα
791 4001 840 4064 καί
859 4002 930 4066 δέκα

418 4107 596 4185 λαθιίνεμόν
615 4101 648 4167 τέ
667 4129 719 4186 μιν
739 4101 821 4188 ὥραν
839 4103 981 4168 καλέοισιν
1001 4104 1167 4184 ἐπιχθόνιοι

417 4203 486 4289 ἱροὶν
505 4207 704 4290 παιδοτρόφον
724 4207 853 4284 ποικίλας
874 4209 1013 4281 οἰλκυόνος

161 4332 247 4415 apud
268 4337 381 4414 poetas
396 4333 554 4415 elegiacos
570 4352 633 4400 non
655 4335 771 4402 inveni.
795 4334 950 4399 Austrum
972 4331 1039 4397 sole
1054 4329 1156 4397 fessos
1171 4329 1391 4395 delectantem

160 4435 259 4502 habes
288 4437 386 4518 Verg.
417 4437 474 4506 eol.
505 4436 535 4502 5.
568 4437 619 4505 81.
647 4457 723 4503 uam
750 4456 846 4519 ueque
873 4456 922 4500 me
949 4438 1073 4500 tautum
1101 4432 1250 4498 neumatis
1279 4432 1392 4497 aeuus

160 4538 263 4606 ausui
283 4558 337 4604 aea
357 4539 475 4605 tuuaut.
520 4538 636 4621 Georg.
660 4538 714 4607 IV.
738 4538 811 4607 261.
826 4536 973 4622 fripu‘dus
993 4541 1029 4602 ut
1049 4534 1208 4620 quomdam
1222 4533 1311 4600 siluis
1331 4536 1391 4599 im-

159 4663 237 4710 murr
409 4647 474 4711 der.
