3008 5010
703 194 916 266 ..50-

192 399 293 470 Piscis
325 405 454 469 hamum
489 403 642 485 eflugiens
675 405 760 486 apud
792 405 926 470 eundem
958 410 1007 469 est
1035 424 1074 469 ex
1103 404 1136 471 P.
1161 403 1201 468 Il.
1235 402 1264 468 7.
1295 404 1325 471 9.
1372 392 1428 486 ὀυν

192 507 286 573 semei
307 513 353 572 est
375 507 478 572 laesus
505 507 618 590 fallaci
640 509 744 589 piscis
776 507 815 572 ab
846 507 948 586 hama,
979 506 1123 572 omuibus
1144 525 1225 571 auca
1249 506 1328 571 cibis
1352 527 1429 571 aera

192 609 317 675 subesse
332 615 438 692 putat.
472 609 624 691 Anguilla
647 610 732 691 apud
756 600 951 674 Simonidem
977 610 1184 690 Amorgiuum
1209 614 1316 674 exstat
1337 608 1379 674 fr.
1397 611 1426 675 8.

193 713 294 798 (ὅσπερ
314 710 436 797 ἔγχελυς
450 719 525 777 uacci
536 719 641 796 γλοιοῦ.
663 712 832 794 delphinus
855 713 940 794 apud
963 713 1128 793 Moschum
1145 714 1172 776 1.
1191 713 1262 777 113.
1323 715 1429 796 οἲγάων

193 817 324 898 δ’ἔπιβοίς
344 820 466 898 πρόσσω
487 815 560 879 θέεν
580 819 651 899 ἠύτε
679 818 781 900 δελφίς
809 821 842 880 θλ
874 816 957 896 aplltl
986 816 1163 890 Vergilium
1186 813 1264 882 Aen.
1288 815 1327 879 V.
1352 815 1428 880 594.

192 923 358 1002 tecumque
377 921 475 1002 supas
503 924 532 983 et
554 918 681 1001 praelia
708 919 781 984 luda
812 918 992 1000 dehiirirmm
1014 919 1141 997 similes,
1165 920 1221 1000 qui
1236 938 1298 1000 per
1319 920 1430 982 maria

192 1022 303 1086 amida
324 1021 430 1087 uauda
455 1020 663 1104 Carpathium
685 1021 898 1104 Libycumque
927 1027 1042 1087 secaut.
1089 1020 1175 1097 Quas
1203 1021 1296 1085 modo
1320 1020 1429 1100 attuli,

192 1143 302 1189 omnes
323 1125 421 1189 huius
444 1125 572 1204 generis
595 1124 817 1189 similitudines
841 1131 925 1204 sunt,
957 1125 1013 1189 sed
1043 1124 1146 1188 liceat
1168 1124 1208 1188 iis
1231 1121 1429 1203 subinngere

193 1246 247 1293 eos
270 1229 366 1306 locos,
390 1225 508 1309 quibus
531 1227 663 1292 OvidIus
687 1229 813 1292 conchis
836 1247 913 1294 usus
936 1233 987 1293 est
1008 1227 1049 1293 ad
1069 1228 1226 1308 imagines
1241 1225 1427 1291 formandas

194 1331 410 1396 multitudinis
432 1349 460 1397 a.
485 1349 546 1398 am.
570 1331 609 1394 Il.
635 1331 698 1397 519
721 1337 755 1396 et
776 1338 816 1396 tr.
842 1333 878 1398 V.
904 1333 932 1398 2.
958 1331 998 1396 23
1022 1337 1056 1396 et
1082 1332 1224 1395 levitatis
1246 1337 1314 1394 met
1336 1331 1427 1396 XIII.

193 1434 266 1500 792.
312 1434 457 1515 Imagini,
491 1452 585 1515 quam
609 1433 745 1515 legimus
772 1440 847 1502 met.
871 1435 924 1501 IV.
949 1435 1012 1500 366
1041 1439 1134 1516 utque
1156 1434 1213 1498 sub
1236 1433 1428 1515 aequoribus

193 1537 379 1616 depremum
395 1536 536 1619 paippus
557 1536 675 1602 hastam
697 1539 831 1603 cautiaei
851 1558 889 1603 ea
908 1539 994 1602 οουπΙ
1015 1537 1158 1602 dimissis
1174 1542 1269 1617 parte
1288 1536 1427 1618 siapelbis

192 1638 271 1703 nihil
306 1644 394 1703 certe
417 1641 465 1703 rei
489 1645 538 1705 est
560 1656 631 1703 cum
655 1641 788 1705 Homeri
811 1640 868 1705 Od.
894 1641 931 1704 V.
954 1641 1027 1704 432.
1063 1642 1151 1716 ded
1173 1639 1426 1716 disseminabo<

192 1747 337 1824 θαλάμης
358 1744 555 1823 ἐξελκομένοιο
576 1748 649 1824 πρός
669 1745 897 1826 κοτυληδονόφιν
912 1747 1026 1806 πυκινοὶ
1046 1748 1165 1825 λόῖγγες
1178 1741 1307 1824 ἔχονται.
1336 1739 1427 1816 Quod

192 1846 219 1910 si
251 1849 359 1909 autem
389 1843 597 1909 Washietlius
627 1846 801 1922 contendit,
833 1844 890 1908 has
923 1845 1001 1909 duas
1033 1845 1143 1908 unicas
1173 1862 1243 1908 esse
1266 1844 1425 1922 imagines

193 1947 344 2028 apolypi
367 1952 484 2010 natura
507 1947 679 2026 desumtas,
712 1946 827 2010 vellem
857 1947 1073 2028 Theognidem
1104 1947 1306 2026 inspexisset,
1338 1945 1420 2026 apud

195 2066 290 2128 quem
313 2047 342 2112 2.
368 2047 418 2113 15.
442 2048 558 2113 haecce
580 2050 702 2131 legitur
724 2049 847 2130 unago:

397 2148 549 2206 πουλύπου
568 2147 659 2227 ὀργῆν
678 2143 749 2226 ἴσχε
769 2148 959 2219 πολυπλόκου,
980 2141 1012 2220 ὃς
1032 2147 1099 2206 πότι
1118 2142 1220 2230 πέτρῃ,

500 2254 538 2334 τῇ
557 2251 758 2333 ποοςομιλήοῃ
780 2254 867 2330 ,τοῖος
887 2249 961 2308 ἰδεῖν
981 2247 1087 2329 ἐφάνη.

297 2373 487 2456 Serpentem
508 2373 607 2439 habes
630 2375 716 2454 apud
731 2373 909 2454 Vergilium
931 2373 1008 2438 Aen.
1033 2374 1074 2438 II.
1097 2373 1160 2437 471
1185 2371 1291 2455 qualis
1312 2373 1370 2437 ubi
1392 2374 1426 2438 ia

193 2477 291 2543 iucem
313 2476 438 2543 calaber
458 2476 546 2541 mala
576 2479 725 2559 prautiaa
752 2481 876 2558 pastus,
909 2475 1034 2559 fripiria
1066 2475 1123 2540 sub
1154 2480 1240 2540 terra
1269 2475 1425 2540 tauricum

193 2601 283 2663 quem
305 2580 418 2645 bruma
441 2580 559 2662 tepebat
585 2599 668 2644 'uuuc
693 2581 810 2661 positis
832 2600 932 2644 atauus
954 2581 1075 2645 aauaiis
1096 2580 1278 2661 nitidusque
1299 2582 1426 2644 iuieuia

193 2684 316 2748 lubrica
337 2685 491 2750 coucaiait
511 2683 633 2748 sublata
657 2688 789 2764 pectora
812 2689 896 2765 terpa
924 2682 1046 2747 arduus
1069 2682 1112 2747 ad
1139 2683 1233 2749 sabam
1257 2688 1286 2747 et
1307 2683 1426 2764 biapais

193 2787 290 2851 micat
311 2807 363 2851 are
385 2786 534 2865 trisulcis,
552 2790 585 2850 et
607 2785 693 2866 apud
708 2785 866 2864 Ovidium,
884 2787 937 2866 qui
956 2786 1084 2866 parcius
1101 2786 1234 2850 eundem
1250 2786 1424 2866 indaginem

193 2889 241 2952 ita
263 2889 423 2969 expressit
445 2892 521 2952 met.
546 2887 600 2951 IX.
625 2887 688 2952 266
716 2892 810 2969 utam
832 2908 931 2953 uacus
957 2909 1086 2969 serpeus
1110 2889 1220 2970 posita
1250 2907 1320 2952 caue
1341 2887 1426 2968 pelle

193 2996 315 3056 seuecta
337 2991 502 3056 brearrriare
523 2990 600 3056 sobet
620 3011 813 3073 squamaque
835 2992 936 3055 virere
957 2992 1080 3055 receuti.
1126 2991 1300 3071 Serpentes
1323 2990 1425 3054 homi·

193 3092 287 3158 nibus
309 3093 442 3158 infestos
464 3129 507 3138 -
528 3094 559 3156 X
580 3095 631 3158 93.
655 3128 697 3138 -
727 3097 853 3175 saepius
876 3093 1090 3158 adhibuerunt
1119 3097 1244 3173 poetae,
1268 3097 1304 3155 ut
1328 3091 1425 3156 Calli-

194 3196 324 3260 machus
340 3195 379 3260 fr.
396 3197 460 3260 438
482 3196 509 3259 οἱ
530 3199 559 3259 δ’
573 3196 643 3260 ὥστ’
665 3199 695 3271 ἐξ
716 3199 806 3278 όχεῆς
828 3195 894 3281 ὄφις
914 3199 1011 3272 αἰόλος
1031 3195 1131 3278 αὐχέν’
1152 3199 1296 3278 ἀνασχών
1326 3195 1423 3276 Vel'g.

194 3298 272 3362 Aen.
296 3298 334 3366 V.
359 3300 430 3364 273.
456 3298 514 3365 Oc.
539 3317 567 3362 a.
592 3317 653 3365 am.
677 3297 717 3364 II.
742 3298 814 3362 376.
848 3300 958 3380 (aeque
983 3298 1092 3380 sulcus
1122 3319 1199 3380 aper
1225 3297 1331 3362 acedia
1360 3303 1425 3362 iam

192 3421 305 3467 saeuus
326 3403 361 3466 iu
383 3405 435 3466 ira
456 3402 516 3485 esi)
547 3422 602 3466 uec
624 3401 726 3466 breuis
748 3403 861 3484 ipuaro
883 3403 993 3482 amera
1015 3403 1101 3467 baasa
1117 3401 1206 3483 pede.
1235 3406 1311 3467 met.
1336 3401 1424 3465 XIII.

194 3506 266 3571 804.
295 3507 413 3570 caicato
450 3506 603 3569 immitior
638 3505 748 3588 hpdra.
785 3504 872 3570 Fast.
921 3504 962 3569 ΙΙ.
1001 3506 1073 3569 341.
1112 3505 1321 3586 attonitusque
1341 3510 1426 3568 uteba

193 3607 296 3685 rediit,
319 3613 355 3672 ut
375 3628 467 3689 saepe
488 3609 591 3673 viator
614 3607 773 3673 turbatam
794 3609 860 3672 aisa
882 3608 1003 3672 rettulit
1023 3628 1124 3690 cupae
1139 3608 1260 3689 pedara.

297 3793 422 3861 Avimn
444 3813 569 3876 quoque
592 3795 829 3859 multitudinem
847 3795 931 3860 —B
946 3796 1010 3861 459
1028 3831 1068 3840 -
1083 3795 1115 3859 in
1131 3793 1425 3875 comparationibus

194 3897 337 3963 breviter
360 3901 641 3962 commemoratam
663 3898 808 3963 invenias
831 3917 859 3962 a.
883 3917 943 3963 am.
968 3899 990 3962 l.
1015 3897 1080 3965 58.
1096 3899 1180 3962 telst.
1204 3897 1241 3964 V.
1266 3898 1295 3960 2.
1320 3898 1361 3960 26
1385 3915 1426 3961 ex

194 3999 229 4064 P.
260 3998 300 4064 ll.
332 4001 360 4064 7.
393 4001 443 4068 27.
492 4000 665 4080 Vergilms,
703 4008 740 4065 ut
782 4021 801 4065 a
837 4002 1043 4081 simplicitate
1080 4018 1208 4081 semper
1245 3999 1423 4079 abhorruit,

195 4103 424 4184 copiosioribus
448 4102 760 4185 quaesitimibusque
790 4102 896 4169 verbis
928 4106 1065 4168 remita
1095 4104 1269 4182 expressii:
1304 4102 1423 4182 Georg.

194 4206 249 4271 IV.
272 4207 336 4271 473
362 4206 492 4272 υοιόνοο
521 4207 611 4272 ibaut
638 4212 743 4272 metues
772 4208 1005 4289 siumlacraque
1034 4205 1101 4271 iace
1126 4210 1295 4284 carentum,
1327 4226 1424 4286 paam

194 4309 294 4373 maha
317 4310 350 4373 iu
370 4310 459 4392 foliis
482 4311 588 4376 auium
614 4332 647 4377 se
668 4311 759 4376 milia
791 4311 936 4390 curidum,
968 4330 1075 4390 uesper
1103 4309 1159 4373 ubi
1187 4313 1243 4373 aut
1274 4308 1425 4373 hibernus

195 4413 262 4496 apii
291 4411 328 4478 de
360 4414 517 4478 mantibus
547 4414 653 4479 imber.
699 4417 777 4478 Aen.
808 4414 877 4478 VII.
910 4414 974 4478 310
1001 4418 1119 4477 terram
1149 4415 1272 4496 purpite
1297 4412 1424 4477 ababa

195 4536 291 4598 quam
319 4515 435 4580 multae
460 4517 675 4599 piamerauiar
697 4537 778 4596 aues,
808 4517 864 4580 arbi
883 4516 1023 4599 frigidus
1052 4536 1155 4581 aurius
1183 4522 1273 4581 haus
1288 4520 1424 4596 poutum

192 4619 286 4703 supat
307 4624 335 4682 ei
357 4620 452 4685 terris
473 4620 613 4685 immittit
634 4619 763 4700 apricis.
809 4618 874 4683 Sub
898 4618 1034 4683 eundem
1056 4624 1239 4702 respectum
1261 4618 1347 4682 cadit
1363 4617 1422 4682 Or.
