3008 5010
648 171 860 237 ...39-

132 377 237 460 capa'ti.
283 377 428 458 Denique
452 378 505 459 qui
529 378 627 442 etiam
660 379 744 458 apud
773 397 831 443 nos
862 378 1011 460 frequens
1046 385 1096 444 est
1119 399 1195 445 usus
1218 381 1369 446 duritiem

133 480 301 547 cuiusdam
322 480 372 544 rei
394 479 558 545 adamanti
574 481 779 562 comparandi
794 483 858 546 iam
879 481 963 562 apud
979 481 1184 548 Theocritum
1206 484 1369 549 invenitur

133 585 174 649 II.
191 584 243 649 34.
268 589 304 646 rel
315 583 477 666 δ”Ἁρτεμι
492 589 541 648 καὶ
555 589 606 649 τδν
617 588 725 668 ἀναιδῆ
739 591 868 669 κινήσαις
879 588 1040 667 ἀδάμαντα
1051 591 1085 669 ⁵⁵)
1106 596 1157 656 III.
1173 597 1210 656 39
1223 588 1273 651 aut
1292 586 1324 651 κε’
1335 595 1369 669 μ’

135 679 207 756 ἴσως
227 680 349 756 κατίδοι,
369 680 434 742 ἐπεὶ
454 682 506 742 oda
527 681 715 762 ἀδαμαντίνα
736 682 824 744 ἐστίν.

239 781 445 863 ΤΙιοσττωο,
468 782 554 848 ludi.
601 782 800 863 Imaginibus
833 781 873 848 ab
907 781 1073 864 opificibus
1103 803 1183 866 quas
1216 785 1368 850 deductas

133 885 402 961 enumeravimus,
419 904 474 949 cas
490 885 712 965 adiungamus,
729 905 807 966 quas
824 905 841 950 e
858 885 986 951 theatro
1010 886 1157 968 ludisque
1173 888 1205 950 in
1221 889 1366 953 carmina

134 1007 195 1052 sua
230 992 346 1068 poetae
381 987 513 1066 elegiaci
548 988 751 1054 induxerunt.
797 988 898 1052 Unica
931 1007 1013 1070 quae
1046 989 1209 1053 theatrum
1243 994 1370 1071 spectat

137 1091 244 1170 imago
266 1089 387 1170 legitur
409 1096 484 1154 met.
508 1089 564 1153 Ill.
590 1090 650 1153 111

290 1192 343 1256 stc
364 1191 419 1257 abi
442 1193 595 1258 tollantur
614 1195 705 1277 sestis
731 1196 846 1260 aalaea
869 1195 1007 1274 theatris,

289 1316 418 1378 sarpere
439 1297 533 1378 signa
553 1297 653 1362 soleret
667 1299 869 1378 primamque
892 1298 1049 1363 ostendere
1071 1299 1184 1377 ‘cattas

289 1404 390 1463 cetera
406 1400 589 1479 paullatim,
607 1401 795 1481 placidoque
817 1401 926 1466 adacta
949 1408 1051 1466 tenore

290 1506 355 1578 tota
370 1507 483 1582 pateat
506 1503 626 1584 imoque
642 1502 741 1583 pedes
763 1504 798 1566 ta
819 1505 962 1586 οιανριίιο
975 1510 1111 1586 μοιμοι.

136 1604 319 1668 Permultae
336 1610 448 1668 contra
464 1610 591 1670 exstant
614 1605 770 1686 imagines
793 1606 834 1669 ad
856 1624 1009 1686 equorum
1023 1624 1137 1671 cursus
1158 1607 1367 1686 pertinentes.

138 1706 279 1772 Gloriam
303 1707 558 1773 Thessalicorum
581 1727 735 1790 equorum
759 1714 884 1790 spectat
907 1707 1040 1772 Theocr.
1066 1710 1115 1786 18,
1139 1710 1182 1774 30

341 1821 438 1907 nasica
458 1819 537 1903 μέγα
556 1827 628 1909 λᾷον
642 1820 792 1904 ἀνέδραμε
812 1826 922 1903 κόσμος
943 1825 1058 1908 ἀρούρρι

754 1914 772 2004 ἢ
794 1913 905 2000 ἅρματι
928 1919 1082 1992 Θεσσαλὸς
1101 1917 1198 1992 ἵππος.

136 2035 234 2099 equos
265 2016 358 2082 frena
389 2023 574 2082 recusantes
609 2019 667 2086 On.
700 2020 768 2086 her.
801 2021 831 2097 4,
855 2020 896 2084 22
924 2020 1077 2102 frenaque
1106 2019 1160 2083 νιί·
1183 2020 1309 2099 patitur
1332 2018 1370 2083 de

133 2141 227 2204 prope
249 2125 358 2202 captas
380 2141 484 2201 cqaaa
510 2121 594 2188 trist.
622 2123 658 2201 V,
675 2123 760 2200 4,16
782 2143 867 2187 οιονο
888 2141 942 2185 acc
964 2121 1112 2186 tattoque·
1131 2123 1224 2205 fratta
1245 2127 1370 2187 rocasat

134 2225 207 2306 ορατ
229 2223 308 2290 Hor.
333 2241 358 2286 ο.
382 2223 439 2287 HI.
465 2225 514 2303 11,
546 2225 566 2287 9
596 2245 674 2304 qaae
687 2254 690 2260 ·
705 2225 787 2289 calcat
818 2225 892 2289 latis
920 2244 998 2304 σανα
1029 2226 1124 2288 trtraa
1145 2226 1265 2305 canapis
1288 2224 1370 2289 aaa

134 2327 281 2392 aasabim
303 2327 469 2409 metuitque
492 2328 588 2410 taapt.
613 2346 647 2392 os
671 2328 780 2392 durius
812 2327 868 2391 Ov.
893 2345 944 2390 am
968 2326 991 2389 Ι.
1016 2328 1045 2404 2,
1078 2326 1118 2391 15
1150 2347 1243 2408 asper
1272 2346 1368 2406 equas

135 2431 228 2496 daris
249 2429 451 2494 coataadttar
480 2451 537 2494 ora
560 2430 687 2512 tapatt's.
721 2430 795 2494 ibid.
820 2431 860 2494 ll.
884 2430 914 2506 9,
949 2430 989 2495 29
1018 2435 1054 2494 at
1074 2430 1164 2511 rapit
1185 2431 1219 2493 ι’νι
1234 2449 1368 2512 paeceps

136 2535 298 2600 ἀοοινοιιιο
319 2534 502 2614 spumantia
529 2534 655 2616 frastra
683 2534 777 2617 freae
805 2538 1005 2598 retentantem
1034 2532 1146 2597 darier
1175 2535 1240 2597 oris
1262 2552 1367 2613 equas.

135 2654 252 2718 equum
276 2635 402 2701 vincula
424 2637 668 2717 abrumpentem
692 2639 726 2696 Z.
750 2636 813 2702 506

379 2741 418 2815 ιῦς
439 2738 517 2805 δ’δτε
538 2765 579 2816 τις
599 2747 706 2815 στατὸς
725 2741 822 2816 ἵππος,
843 2743 1010 2824 ἀκοστήσας
1030 2741 1078 2802 ἐπὶ
1098 2743 1206 2825 φάτνῃ,

341 2844 454 2923 δεσμὸν
474 2846 644 2926 ἀπορρήξας
664 2845 735 2930 θείῃ
756 2844 873 2906 πεδίοιο
893 2843 1036 2925 κροαίνων

341 2947 458 3022 εἰωθώς
478 2950 623 3008 λούεσθαι
642 2947 772 3028 ἐϋρρεῖος
793 2952 947 3027 ποταμοῖο,

340 3052 464 3113 κυδιόων
479 3076 485 3088 ·
499 3051 579 3128 ὑψοῦ
599 3051 632 3112 δὲ
651 3053 728 3131 κάρη
747 3047 819 3130 ἔχει,
841 3051 920 3131 ἀμφὶ
940 3049 974 3110 δὲ
994 3055 1097 3130 χαῖται

341 3151 431 3234 ὤμοις
452 3153 629 3217 ἀΐσσονται·
641 3152 834 3235 ὁδ’ἀμλαΐηφι
854 3155 1016 3228 πεποιθώς,

339 3258 438 3340 ῥίμφα
459 3258 474 3320 ἓ
493 3263 585 3340 γοῦνα
605 3254 686 3340 φέρει
706 3259 785 3336 μετά
806 3253 915 3338 τ’ἥθεα
931 3259 979 3318 καὶ
999 3260 1092 3336 νομὸν
1111 3252 1220 3318 ἴτταονν.

138 3360 236 3442 Verg.
260 3359 339 3424 Aen.
362 3360 417 3424 XI.
440 3361 513 3426 492.
539 3359 642 3441 qualis
665 3358 720 3424 ubi
743 3358 890 3439 abruptis
912 3357 996 3439 fugit
1017 3357 1209 3440 praesaepia
1232 3356 1346 3422 vinclis

342 3463 471 3528 tandem
494 3461 577 3528 liber
601 3481 701 3544 equus
724 3480 899 3543 campoque
922 3463 1046 3542 potitus
1069 3467 1181 3542 aperto

342 3571 399 3631 aut
421 3567 475 3630 ille
498 3568 530 3630 in
553 3572 665 3648 pastus
688 3572 896 3649 armentaque
920 3566 1023 3631 tendit
1047 3582 1200 3647 equarum

340 3676 395 3735 aut
418 3671 572 3736 adsuetus
594 3690 697 3753 aquae
718 3669 868 3751 perfundi
890 3668 1020 3734 flumine
1043 3674 1118 3733 noto

341 3773 457 3838 emicat
480 3775 678 3856 arrectisque
701 3772 811 3838 fremit
833 3773 1011 3839 cervicibus
1034 3771 1100 3836 alte

341 3876 516 3957 luxurians,
540 3876 717 3958 luduntque
740 3875 834 3940 iubae
856 3894 915 3957 per
938 3875 1030 3952 colla,
1053 3891 1112 3955 per
1136 3889 1251 3939 armos,

134 3979 292 4062 Tempore
315 3999 396 4061 opus
418 3998 488 4045 esse
504 3981 544 4044 ad
565 3998 662 4061 equos
677 3980 757 4044 bene
774 3978 987 4044 instituendos
1003 3976 1102 4041 habes
1125 3995 1153 4040 a.
1178 3995 1238 4039 am.
1263 3975 1366 4042 1472

134 4087 268 4165 tempore
300 4083 380 4148 lenta
410 4083 483 4164 poti
506 4082 608 4167 freae
640 4082 787 4146 doceatur
816 4079 894 4162 equi.
938 4079 1000 4145 Ubi
1024 4077 1170 4143 educatio
1200 4079 1271 4159 equi
1294 4096 1369 4159 per-

239 4271 272 4340 ⁵⁵)
292 4271 378 4336 ἂναιδῆ
414 4270 533 4324 coniecit
559 4268 664 4336 Taylor.
710 4268 744 4320 Iu
770 4266 849 4323 codd.
877 4268 919 4319 est
943 4264 969 4315 ἓν
994 4264 1041 4328 ἂδη
1060 4282 1082 4318 e.
1109 4282 1135 4334 p.
1155 4263 1181 4314 ἓν
1199 4258 1245 4312 dida
1263 4265 1290 4321 k.
1310 4262 1370 4326 Call

134 4357 237 4412 Versus
256 4373 321 4410 sane
340 4359 487 4426 corruptus
506 4359 555 4423 ost,
580 4355 629 4408 sed
647 4353 725 4408 haud
743 4353 809 4419 scio,
837 4368 872 4405 an
890 4368 946 4405 vox
960 4344 1046 4415 ’Λίδής
1064 4352 1093 4404 in
1119 4368 1151 4405 eo
1171 4351 1262 4418 fuerit,
1290 4366 1369 4419 prae.

133 4444 232 4498 sertim
250 4459 315 4496 cum
338 4443 493 4497 adamantis
519 4442 593 4511 apud
618 4440 721 4494 inferos
747 4438 916 4492 mentionem
941 4436 1026 4491 etiam
1049 4437 1210 4508 Propertius
1237 4436 1322 4491 faciat
1338 4435 1368 4493 V.

134 4530 175 4582 11.
193 4529 219 4583 3.
237 4545 297 4583 cam
314 4530 393 4583 caari
409 4529 534 4598 tafccaas
551 4529 692 4582 tatraraat
704 4526 809 4594 faaera
827 4526 902 4594 tapes,
925 4540 981 4578 aaa
998 4530 1111 4580 caecato
1129 4528 1204 4580 staat
1226 4522 1370 4579 οάαοιοκδν

132 4616 194 4672 orae
213 4615 261 4684 qui
281 4614 360 4669 locus
378 4614 514 4673 Graecam
532 4614 620 4687 spirat
638 4612 809 4686 religionem.
