3008 5010
604 182 816 246 ..27-

94 388 271 454 sImilitudo
304 386 451 451 habenda
484 387 535 466 sit,
571 392 708 468 quatuor
744 406 836 452 voces
871 387 1319 469 „cornerescere-gelidus-nIx-

94 491 231 558 666666.α
264 490 350 571 apud
392 494 564 572 utrumque
604 496 743 555 exstare.
800 490 939 554 Maxime
973 497 1082 554 antem
1117 490 1325 555 Washietlius

95 599 192 676 urget
219 595 327 677 suuni
355 592 434 657 illud
466 592 506 657 ab
538 591 651 657 Ovidio
682 593 832 673 positum.
888 591 1053 675 Significat
1074 592 1176 678 jeuim,
1210 594 1324 675 inquit,

94 699 184 765 Naso
205 696 384 776 66666666,
407 697 437 759 si
466 695 543 776 quid
564 695 661 773 66666,
684 715 747 760 666
776 696 863 779 uulgi
888 696 1064 776 opinionem
1091 694 1147 760 scd
1167 695 1327 762 bouciuuru

94 802 256 866 doctorum
277 800 454 864 seuleuiios.
499 798 536 862 In
559 817 621 880 quo
654 798 748 879 plane
782 817 853 863 cnm
886 817 924 864 66
954 797 1033 862 mihi
1066 799 1327 863 consentiendum

93 910 153 985 est,
178 923 250 968 cnm
281 903 397 983 vulgus
420 903 459 967 de
489 902 559 966 eins
592 901 677 966 modi
705 901 800 966 rebus
835 901 954 984 aliquid
984 902 1106 967 sentire
1137 902 1188 965 vix
1211 901 1324 968 soleat.

94 1007 187 1084 Quod
207 1025 285 1071 vero
308 1006 475 1087 pergit-
491 1026 580 1086 queem
602 1011 636 1069 iu
659 1011 761 1069 nutem
782 1007 886 1088 iungis
906 1009 1001 1086 putas
1023 1004 1063 1070 66
1089 1003 1200 1070 Ouidio
1226 1007 1326 1089 siqui·

95 1113 224 1194 6666666
245 1130 319 1188 esse,
343 1130 438 1192 quoru
460 1130 539 1188 curu,
570 1109 621 1173 cui
648 1109 827 1190 plurimum
859 1109 951 1174 illurn
978 1108 1119 1174 stccdiuuc
1149 1111 1215 1173 iam
1247 1111 1327 1174 sniis

96 1215 284 1296 impendisse
311 1214 482 1291 docuimus,
506 1213 716 1277 Lucretium?
743 1213 895 1293 neglexit,
929 1231 1058 1278 causam
1091 1212 1210 1277 nullam
1244 1232 1325 1291 esse,

95 1335 153 1383 cnr
169 1317 301 1382 Ovidius
324 1317 504 1382 sententiae
527 1315 673 1380 omnibus
696 1316 764 1379 eius
787 1317 904 1380 aetatis
927 1316 1004 1381 viris
1025 1317 1128 1381 doctis
1151 1317 1326 1381 communis

95 1419 255 1503 significet
277 1425 435 1485 auctorem
457 1419 652 1482 Lucretium.
693 1418 833 1498 Accedit,
858 1419 943 1500 quod
965 1419 1143 1498 Lucretius,
1168 1419 1325 1500 quomodo

95 1526 198 1591 imber
220 1524 275 1588 nix
297 1521 364 1603 fiat,
398 1541 438 1586 ne
469 1522 566 1586 verbo
597 1521 724 1603 quidem
754 1522 873 1601 attigit,
905 1522 966 1586 nisi
997 1541 1148 1603 magnum
1171 1523 1326 1587 duramen

98 1645 254 1709 aquarum
277 1626 316 1690 de
338 1624 397 1689 hac
420 1643 456 1688 re
479 1625 599 1689 dictum
621 1625 673 1705 sit,
697 1642 779 1705 quae
801 1623 878 1687 mihi
894 1624 1021 1705 quidem
1037 1625 1137 1689 verba
1159 1626 1191 1689 in
1214 1625 1326 1691 molles

98 1732 187 1794 nives
217 1729 375 1811 quadrare
406 1746 468 1792 non
498 1728 657 1792 videntur.
704 1727 766 1791 Sed
795 1728 858 1791 iam
888 1727 979 1791 noble
1010 1728 1178 1792 dicendum
1207 1734 1257 1794 est
1287 1730 1327 1794 de

98 1831 291 1914 imaginibus
307 1836 458 1897 enatura
474 1831 556 1894 nivis
572 1831 725 1895 deductis.
769 1832 815 1894 dc
829 1831 969 1911 primum
985 1831 1112 1913 quidem
1127 1830 1229 1913 frigus
1245 1833 1327 1897 nivIs

96 1959 115 2003 a
137 1936 308 2001 Theocrito
332 1939 601 2000 commemoratur
624 1934 653 1998 2.
679 1935 741 2000 106
764 1941 847 1998 ezaon
867 1939 924 2014 μὲν
944 1937 1091 2018 {irrigaus
1110 1940 1210 2019 χίονος
1230 1936 1326 2012 πλέον,

96 2041 151 2104 ubi
173 2039 307 2105 Ovidius
329 2057 388 2119 pro
412 2037 484 2101 nive
508 2036 643 2118 glaciem
666 2037 791 2101 induxit
823 2037 890 2105 ber.
916 2038 943 2102 1.
968 2039 1019 2102 22.
1046 2038 1200 2122 suiqiciius
1227 2039 1328 2121 qiocie

91 2149 203 2225 pectus
224 2143 363 2207 amantis
385 2146 461 2205 erui.
485 2139 551 2205 ibid
567 2142 617 2206 10.
634 2141 675 2205 32
697 2141 848 2223 frigidior
869 2141 970 2224 qiucie
992 2143 1246 2223 semianimisque
1266 2144 1326 2226 fui.

98 2246 214 2311 Album
237 2246 278 2310 ad
301 2245 440 2310 colorem
464 2242 700 2324 depingendum
722 2243 755 2306 in
778 2242 888 2307 multis
904 2243 1195 2324 comparationibus
1218 2245 1324 2308 nivem

97 2351 203 2414 locum
217 2347 337 2414 habere
352 2347 514 2412 videmus:
537 2346 576 2410 Κ.
597 2346 670 2424 437,
687 2345 849 2410 Philoxen.
874 2346 903 2426 2,
928 2347 957 2410 6.
982 2345 1050 2410 Cat.
1076 2345 1127 2423 25,
1151 2346 1202 2411 26.
1227 2346 1278 2427 61,
1295 2348 1324 2411 9.

97 2453 202 2531 80,1.
248 2451 344 2532 Prop.
367 2449 410 2514 II.
441 2451 471 2528 3,
505 2450 532 2513 1.
568 2448 665 2529 Verg.
691 2448 767 2512 Aen.
791 2448 862 2515 IIII.
887 2449 937 2515 84.
971 2448 1029 2513 On.
1054 2467 1115 2513 am.
1140 2449 1196 2516 III.
1221 2448 1250 2528 5,
1276 2450 1325 2516 11.

97 2557 126 2637 7,
152 2559 179 2622 7.
203 2555 272 2619 her.
304 2553 354 2619 15.
379 2553 451 2619 249.
485 2556 560 2616 met.
595 2552 635 2618 II.
658 2551 730 2617 852.
762 2551 832 2619 VII.
856 2553 928 2617 373.
952 2551 1038 2617 XIII.
1064 2553 1136 2618 795.
1166 2571 1205 2617 ex
1226 2553 1261 2617 P.
1285 2553 1325 2618 II.

97 2660 180 2725 538.
225 2655 341 2721 Nivem
374 2656 474 2721 radiis
508 2655 584 2720 solis
617 2654 800 2719 madentem
833 2654 986 2719 exhibent
1016 2655 1228 2754 Callimachus
1250 2656 1281 2720 h.
1305 2657 1324 2725 i.

97 2761 189 2826 Dem.
222 2760 273 2824 92,
304 2753 344 2827 ὥς
370 2751 403 2814 δὲ
429 2750 571 2833 Milium
600 2753 676 2832 χιών
703 2799 738 2811 ..
765 2753 813 2812 uui
841 2754 955 2813 τούτων
985 2749 1028 2813 ἔτι
1058 2756 1177 2831 μᾶσσον
1204 2752 1325 2814 &cunero

99 2869 133 2928 ei
155 2862 345 2928 Theocritus
380 2863 409 2940 7,
433 2863 482 2926 76.
508 2855 574 2924 εὖτε
594 2865 669 2945 χιών
688 2861 728 2938 (ὅς
748 2886 790 2936 τις
810 2866 986 2924 interducto
1013 2865 1129 2945 μακρὸν
1148 2864 1200 2946 ὑφ’
1220 2858 1328 2941 Αἷμον

98 2965 227 3050 ἥἍθω
247 2962 267 3049 ἢ
285 2965 462 3049 Ῥοδόπανῆ
484 2970 648 3029 Καύκασον
669 2967 870 3048 ἐσχατόωντα.
884 2963 922 3044 3⁶)
972 2963 1063 3039 Quod
1093 2968 1230 3045 utroque
1259 2964 1328 3029 loco

97 3069 226 3133 nomina
258 3068 415 3133 montium
441 3065 630 3146 afferuntur,
662 3067 763 3147 docet,
792 3070 905 3146 poetas
936 3070 1010 3130 ante
1041 3067 1148 3131 ocnlos
1178 3065 1328 3132 habuisse

98 3181 193 3240 1205.
215 3174 255 3250 ὥς
276 3173 309 3236 δὲ
328 3176 403 3256 χιών
422 3175 598 3255 uacuaque?
616 3173 649 3234 ἐν
668 3174 873 3253 ἀκροπόλοισιν
894 3168 1019 3254 ὄρεσσιν.
1075 3170 1217 3235 Eandem
1250 3172 1328 3236 ima-

98 3276 205 3358 ginem
238 3275 337 3340 semel
370 3275 463 3339 modo
494 3273 626 3339 Ovidius
658 3273 781 3338 habetz·
811 3291 850 3338 ex
883 3274 918 3338 P.
948 3273 973 3339 Ι.
998 3275 1026 3338 1.
1050 3274 1101 3340 68.
1134 3296 1198 3341 666
1231 3277 1330 3358 icitur

96 3381 223 3458 mirum,
247 3379 278 3443 si
298 3398 386 3442 meus
408 3398 476 3443 mco
499 3377 607 3443 tabido
628 3378 715 3460 focio
737 3377 775 3442 cie
795 3378 865 3442 uiue
886 3379 1047 3443 uccuuuiis
1073 3399 1159 3444 ruore
1189 3379 1332 3461 liquescit

98 3500 305 3564 ecquaenam
327 3486 402 3546 met.
426 3481 465 3549 II.
490 3480 553 3546 808
583 3480 718 3561 glaciem
748 3481 780 3544 in
803 3481 885 3546 nivis
916 3480 1020 3546 locum
1042 3483 1170 3546 vesuvii
1194 3487 1227 3546 et
1249 3487 1325 3547 met.

99 3584 156 3651 III.
179 3585 243 3651 488
264 3586 439 3650 matutinos
454 3585 604 3666 pruinas.
650 3583 698 3648 Ad
729 3584 958 3649 abundantiam
980 3585 1185 3650 lacrimarum
1208 3583 1328 3666 signifi·

98 3687 232 3754 candam
265 3687 325 3753 hac
356 3688 497 3768 imagine
526 3687 659 3752 Ovidius
688 3688 806 3752 ntitnr:
840 3687 908 3751 her.
944 3689 995 3765 13,
1018 3687 1060 3752 52
1089 3707 1150 3753 66.
1174 3688 1199 3752 Ι.
1223 3688 1252 3765 7,
1276 3689 1328 3756 58.

98 3792 182 3859 trini.
207 3791 263 3860 III.
288 3792 317 3872 2,
342 3791 392 3855 19.
424 3807 463 3854 ex
491 3790 526 3857 P.
558 3790 599 3854 ΙΙ.
631 3789 687 3854 III.
711 3791 741 3871 3,
765 3789 816 3856 89.
861 3790 950 3855 idem
979 3790 1091 3856 imbris
1120 3791 1223 3856 instar
1252 3790 1331 3857 iamt

97 3894 246 3960 lacrimas
268 3893 357 3958 fusas
378 3892 643 3971 6661613866
664 3891 803 3956 fluminis
827 3892 919 3957 modo
935 3891 1002 3960 her.
1026 3892 1056 3958 8.
1080 3892 1132 3957 62.
1171 3892 1326 3974 Megarae

98 4002 212 4062 auctor
232 4017 262 4064 V.
277 3996 330 4061 45.
355 4000 391 4060 σύ
412 3996 522 4078 δ’ἠῢτε
542 3994 652 4076 λείβεαι
670 3993 751 4077 ὕδωρ
772 3998 878 4072 νύκτας
903 4020 938 4058 τε
964 3995 1105 4059 κλαίουσα
1124 4000 1172 4059 καὶ
1198 3997 1230 4059 ἐκ
1254 4001 1329 4072 Διὸς

99 4099 203 4182 ἤματα
232 4104 332 4163 πάντα
355 4116 436 4162 unns
458 4100 642 4161 nostrorum
664 4101 833 4176 poetarum
863 4102 1025 4178 spectasse
1052 4096 1181 4162 videtur
1209 4099 1330 4165 rivulos

202 4285 236 4352 ³⁰)
254 4285 376 4340 Hillerns
394 4284 517 4338 adhunc
534 4282 785 4340 versnmadnotal:
804 4284 850 4337 bei
867 4281 932 4351 χίών
956 4284 993 4336 c'st
1013 4283 1056 4337 die
1074 4283 1261 4354 birceufiquug
1278 4301 1331 4340 666

97 4391 133 4428 τις
151 4371 307 4439 auffulieud,
329 4388 357 4426 es
373 4373 425 4426 soli
441 4372 526 4427 duruit
542 4375 614 4428 uolui
635 4375 679 4427 eiu
695 4372 893 4440 scbcceeboufeu
916 4370 981 4425 oder·
1004 4371 1061 4424 ciue
1083 4371 1263 4426 scbueemosse
1288 4373 1329 4426 66-

97 4457 218 4511 eeicbnet
233 4458 346 4512 werden.
381 4458 492 4513 videtur
518 4460 547 4513 in
573 4477 607 4515 eo
633 4459 788 4526 offendisse,
815 4457 891 4525 qnod
914 4458 1028 4512 nomina
1054 4457 1194 4511 montium
1222 4458 1329 4512 addidit

98 4545 190 4610 poeta.
210 4546 285 4597 certe
302 4543 366 4610 χιών
378 4564 413 4602 τις
430 4546 585 4616 temporale
598 4545 706 4601 dicium
724 4548 774 4612 est,
793 4561 848 4599 non
866 4544 947 4598 aliter
964 4547 1047 4612 atque
1066 4546 1231 4611 annositate,
1249 4559 1278 4597 66
1294 4543 1332 4597 ist

99 4629 143 4682 eiu
160 4629 255 4683 scbuec
265 4629 408 4699 qefolleuf‘
