3008 5010
677 204 719 216 -
762 169 890 235 ec·-

168 376 314 441 imitatus
336 382 387 441 est
398 373 554 456 Virgilius
577 375 656 440 Aen.
673 375 697 443 Ι.
714 375 777 440 592
800 379 855 438 out
876 373 930 437 ubi
944 373 1032 454 flavo
1056 376 1219 455 arpentum
1243 369 1403 435 Pariusue

168 478 251 561 lapis
273 478 485 544 οαοιιοιδοιιικ
508 499 595 557 οανο,
618 479 664 542 ito
685 483 720 542 ut
743 479 779 542 de
801 498 859 542 οιιο
883 495 1023 542 marmor
1047 476 1190 543 adderet.
1222 475 1302 539 Auri
1325 473 1402 540 flavi

170 582 269 648 colori
292 583 491 663 comparavit
515 583 650 647 erinium
672 579 828 646 flavorum
852 580 990 645 colorem
1014 579 1157 648 Alcman.
1182 580 1233 656 23,
1256 578 1300 643 54

886 686 923 762 „oi
948 687 980 747 δὲ
1001 685 1091 766 χαίτα

679 796 733 866 τᾶς
752 790 829 870 ἐμᾶς
847 791 976 868 οἶνεψιοῖς

682 896 786 976 Ἀηηοι
787 895 882 976 χόρος
901 892 1033 954 ἐπανθεῖ

682 1000 792 1079 χροσδς
813 997 853 1070 ὥς
873 997 1022 1079 α’κήρατος

271 1114 361 1192 Quod
395 1115 481 1196 apud
514 1114 698 1179 Alcmanem
732 1118 878 1199 ἀκήρατος
914 1114 1048 1191 dicitur,
1083 1114 1151 1180 sive
1182 1113 1330 1196 probum,
1366 1120 1404 1179 ut

169 1219 303 1284 Romani
346 1219 471 1299 dicunt,
520 1217 650 1299 plumbo
694 1217 866 1298 probatum
904 1236 995 1295 esse,
1039 1236 1115 1280 uum
1152 1224 1238 1282 esset
1275 1236 1402 1298 aurum,

167 1319 266 1386 habes
300 1320 442 1400 Theogn.
475 1321 549 1398 417,
585 1319 676 1385 1105.
723 1319 873 1384 Simouid.
906 1319 957 1398 64,
992 1319 1129 1384 coticula
1162 1319 1304 1400 Theogn.
1336 1320 1403 1385 449

168 1424 350 1505 Bacchylid.
374 1420 486 1490 11222.
511 1423 642 1490 Theocr.
668 1424 717 1502 12,
743 1422 784 1487 36
806 1421 901 1503 frgm.
926 1423 1010 1505 quod
1027 1421 1169 1488 Chilonis
1192 1422 1250 1488 sub
1273 1424 1405 1487 nomine

169 1524 405 1604 circumfertur,
419 1526 555 1608 denique
570 1527 647 1605 igni,
665 1545 726 1608 quo
739 1527 837 1591 etiam
853 1532 1022 1606 ar’geutum
1034 1524 1244 1606 probabatur,
1256 1525 1402 1607 Theogn.

168 1629 232 1693 499
266 1630 298 1691 ἐν
317 1632 387 1711 πυρὶ
405 1631 462 1710 μὲν
487 1633 634 1711 χροσόντε
653 1633 700 1692 καὶ
724 1628 852 1712 ἄργυρον
873 1629 965 1713 ἲδριες
991 1628 1096 1711 ἄνδρες
1115 1633 1296 1712 promotuum,
1342 1629 1403 1694 OV.

169 1732 245 1796 trist
267 1731 292 1796 Ι.
316 1731 345 1810 5,
369 1732 411 1796 25
440 1730 553 1795 scilicet
574 1730 754 1812 bifulcum
776 1735 932 1810 spectatur
954 1731 988 1795 iu
1009 1731 1134 1813 ι’ριιιδαε
1157 1752 1282 1796 ourani.

272 1833 364 1910 Quod
395 1834 551 1911 omuibus,
581 1852 659 1915 quos
689 1833 781 1898 modo
805 1833 910 1912 attuli,
940 1834 1017 1898 locis
1040 1839 1155 1914 poetae
1179 1853 1292 1899 aurum
1316 1837 1406 1917 quod

169 1935 337 2018 probatur,
367 1937 487 2001 homiui
519 1941 797 2017 comparaverunt,
821 1938 911 2001 cuius
934 1938 1004 2019 quis
1026 1937 1204 2018 periculum
1233 1935 1319 2017 facit,
1346 1939 1404 2002 ad-

169 2040 258 2104 ducit
294 2058 362 2117 me,
401 2044 438 2104 ut
474 2040 618 2116 credam,
653 2039 735 2104 hanc
767 2057 966 2104 communem
1007 2041 1199 2105 seutentiam
1236 2042 1404 2121 corrigere

171 2142 308 2208 voluisse
330 2142 526 2223 Euripidem,
551 2161 623 2206 cum
645 2142 810 2223 scriberet,
834 2143 918 2210 Med.
941 2144 971 2220 5,
997 2144 1037 2207 16

235 2261 240 2266 ’
452 2257 477 2327 ὦ
497 2269 559 2327 Ζεῦ
577 2265 608 2327 τί
627 2266 664 2348 δή
685 2271 799 2348 χρυσοῦ
817 2265 875 2346 μὲν
895 2262 926 2340 ὃς
945 2264 1081 2346 κίβδηλος
1101 2258 1119 2352 ἦ

450 2371 582 2449 τεκμήρι’
604 2370 809 2451 ἀνθρώποισιν
829 2366 952 2442 ὤπασας
973 2374 1065 2451 σαφῆ,

453 2472 570 2552 ἀνδρῶν
590 2472 616 2532 δ’
637 2469 697 2558 δτρο
717 2476 777 2554 χρὴ
798 2474 851 2534 τδν
870 2475 958 2533 κακὸν
978 2471 1111 2534 διειδέναι

453 2574 548 2648 οὐδεὶς
567 2579 724 2656 χαρακτήρ
744 2572 896 2656 ἐμπέφυκε
910 2578 1027 2654 σώματι
1033 2601 1044 2650 ;

170 2694 198 2757 Ε
221 2691 336 2756 ceteris
360 2691 499 2756 metallis
521 2691 643 2757 ferrum
672 2692 885 2774 compluriens
914 2693 1018 2758 locum
1048 2692 1146 2758 babet
1172 2695 1205 2757 in
1236 2711 1404 2775 compera-

171 2793 321 2875 tionibus,
357 2812 484 2876 semper
507 2801 615 2859 autem
648 2795 767 2860 duritei
801 2814 896 2860 causa
929 2796 1091 2861 inducitur
1130 2795 1249 2872 u372
1265 2846 1297 2862 ..
1329 2798 1405 2862 ἔοικε

170 2900 259 2980 μένος
292 2900 320 2960 δ’
354 2896 466 2960 αἵθοινι
500 2901 612 2986 σιδήρῳ
642 2902 668 2962 δ.
702 2908 759 2966 293
793 2901 898 2983 κραδίη
931 2902 1060 2983 σιδηρέη.
1101 2899 1158 2966 OV.
1183 2908 1248 2963 met
1272 2900 1323 2978 14,
1340 2901 1405 2966 712

170 2999 281 3064 durior
303 3004 333 3063 et
343 2999 446 3082 ferro,
469 3000 552 3082 quod
575 3000 715 3065 Noricus
736 3001 986 3084 excoquitque.
1021 3003 1127 3082 Ipsam
1150 3003 1231 3066 banc
1247 3003 1404 3068 duritiem

171 3100 319 3182 rubigine
349 3103 466 3166 victam
496 3102 625 3168 exhibet
655 3104 844 3185 Propertius
877 3105 999 3183 11120,
1033 3105 1072 3170 15
1116 3106 1227 3170 teritur
1260 3105 1406 3189 rubo'qiue

171 3224 278 3270 ιοαοιο
293 3205 441 3288 ferreus;
476 3224 535 3270 usu
558 3214 778 3289 consumptam
801 3207 935 3274 Ovidius
965 3214 1097 3290 quater:
1133 3209 1168 3275 A.
1193 3227 1254 3273 am.
1278 3209 1303 3288 I,
1327 3211 1404 3289 473,

171 3307 229 3389 111,
253 3308 294 3372 91
319 3326 358 3372 ex
384 3308 419 3372 P.
443 3309 483 3388 H,
508 3311 537 3386 7,
560 3311 612 3388 43,
642 3309 696 3389 IV,
722 3312 771 3390 10,
795 3311 824 3378 5.
849 3311 945 3391 Ebur,
957 3309 996 3392 50)
1020 3312 1104 3392 quod
1126 3316 1222 3377 antea
1244 3331 1308 3377 uua
1330 3330 1405 3376 cum

172 3430 251 3477 auro
274 3412 307 3475 in
330 3411 572 3477 similitudinem
588 3413 767 3477 adhibitum
790 3432 860 3479 esse
876 3413 1023 3493 vidimus,
1047 3415 1215 3497 quinquies
1230 3420 1404 3495 praeterea

172 3514 275 3581 locum
312 3513 409 3579 habet
445 3515 478 3578 iu
515 3521 698 3581 nostrorum
735 3521 904 3596 poetarum
942 3516 1144 3584 carminibus
1189 3518 1238 3582 Ex
1270 3523 1303 3580 A
1340 3519 1403 3582 141

157 3620 212 3694 ἰδς
226 3617 303 3681 δδτε
317 3619 360 3693 τίς
381 3618 553 3701 τ’ἒλέφαντα
567 3625 639 3702 γυνη
654 3620 759 3703 φοίνικι
775 3624 867 3707 μιήνῃ
888 3623 1008 3707 Μῃονὶς
1029 3622 1064 3704 ἠὲ
1083 3625 1214 3705 Κάειρα,
1242 3619 1406 3686 fluxerunt

172 3720 270 3800 Verg.
294 3720 373 3785 Aen.
390 3719 461 3784 XII.
478 3721 520 3786 67
545 3719 684 3802 ,Indum
706 3722 876 3804 sanquineo
899 3722 992 3787 veluti
1012 3723 1175 3788 οιόἰοοονιι
1197 3728 1280 3788 ostro
1302 3723 1405 3805 siquis

172 3823 276 3888 ebur.“
317 3822 374 3888 Ov.
399 3842 451 3888 am
473 3824 514 3888 II.
538 3825 567 3904 5,
599 3825 640 3888 39
669 3830 733 3905 qut,
761 3826 844 3906 quod
873 3848 911 3891 κο
932 3826 1034 3910 louqt's
1054 3825 1223 3908 florescere
1237 3827 1342 3908 possit
1363 3827 1404 3891 ob

173 3927 275 4006 uanis,
309 3926 456 3992 Mamuda
477 3927 650 4011 Assyrium
671 3929 798 4012 sentino
826 3930 918 3994 ιιιιοιιι
950 3929 1074 4014 equum)
1098 3932 1139 3996 id.
1163 3936 1238 3998 met.
1262 3930 1316 3996 IV.
1340 3930 1405 3996 332

172 4030 222 4095 bic
251 4030 364 4096 color.
389 4079 395 4093 .
420 4081 427 4094 .
453 4081 458 4095 .
483 4036 538 4096 οαι
559 4032 643 4096 ebori
664 4033 756 4098 tincto
772 4039 824 4098 est.
869 4033 959 4100 Ebur
986 4034 1073 4115 liguo
1097 4033 1254 4099 inclusum
1277 4032 1406 4098 exhibet

175 4179 379 4192 -,..-...—...--.

277 4253 309 4319 ὃ0)
327 4252 425 4305 Eboris
443 4252 577 4307 candidus
596 4253 681 4322 color,
705 4271 788 4320 quem
813 4271 863 4308 nos
888 4255 917 4308 in
941 4255 1146 4324 comparatione
1164 4270 1264 4309 vocare
1282 4252 1406 4308 solemus

174 4338 249 4408 apud
267 4339 421 4392 Homerum
439 4340 468 4392 in
485 4340 604 4410 imagine
624 4343 664 4394 est
682 4358 697 4389 σ
715 4341 773 4395 196.

476 4426 617 4494 λευκοτέρην
636 4426 660 4474 δ
660 4423 706 4494 δρα
721 4447 765 4493 μιν
785 4428 845 4492 θῆκε
863 4428 967 4494 πριστοῦ
984 4426 1119 4491 ἐλέφαντος.

277 4524 310 4596 ⁸¹)
330 4529 449 4582 Causam
477 4546 527 4582 cur
554 4530 625 4584 ebur
652 4530 783 4598 tingatur,
811 4532 919 4600 primus
946 4529 1053 4584 addidit
1071 4530 1192 4585 Ouidius
1228 4529 1331 4585 Vellem
1349 4546 1406 4584 uon

174 4612 298 4684 fecisset,
317 4630 383 4669 nom
402 4631 434 4671 ea
451 4615 546 4672 addita
563 4629 676 4672 omnem
693 4614 808 4686 imagini
825 4616 991 4672 suauitatem
1009 4617 1132 4673 detersit.
