3008 5010
639 88 853 152 ..24-

335 297 398 378 qui,
423 316 519 378 quum
541 295 578 360 ile
597 314 702 377 proua
717 314 871 376 praeceps
893 299 939 358 est
960 293 1041 358 atille
1066 293 1197 372 volutus,

437 420 494 481 per
516 398 654 463 medium
675 399 791 463 sensim
813 400 928 462 trausit
950 396 1010 461 iter
1029 395 1149 478 periali,

337 501 425 566 ululae
446 502 562 566 uiatori
584 501 668 566 lasso
691 501 725 564 iu
746 500 862 566 sudore
884 499 1030 565 ίοοωιοονι.

131 605 229 685 Verg.
254 603 310 671 eol.
334 604 363 670 5.
387 604 439 668 46.
463 603 556 686 quale
570 624 633 685 per
655 608 774 667 aestum
796 601 898 667 duleis
930 622 1032 684 aquae
1053 602 1184 667 saliente
1206 604 1295 667 sitim
1319 624 1369 668 re-

131 708 288 790 stiuyuere
309 707 388 771 olio.
434 705 492 771 Ον.
523 724 602 772 rem.
627 725 678 770 ann
700 704 765 769 406
793 709 889 788 arata
915 706 953 787 fil
980 704 1070 768 ιιιιάα
1100 706 1164 770 siti.
1210 703 1368 770 Ceterum

131 810 213 874 hane
235 808 476 874 similitudinem
505 827 568 872 non
591 808 788 873 Graecorum
811 809 1068 873 Romanorumve
1098 809 1273 889 propriam,
1307 809 1368 874 sed

133 910 279 977 omnibus
311 911 438 992 populis
470 910 529 976 sub
552 912 691 976 violento
725 911 792 976 sole
824 910 1014 991 degentibus
1048 929 1249 975 communem
1283 930 1368 989 esse,

132 1033 184 1080 res
207 1015 278 1097 ipsa
300 1014 401 1078 docet.
424 1013 610 1094 Philosophi
632 1013 712 1079 illud
734 1018 832 1077 uarro
853 1017 901 1097 ῥεῖ
919 1014 951 1078 in
975 1014 1147 1094 imaginem
1175 1031 1368 1079 conversum

133 1122 183 1184 est
205 1118 245 1183 ab
268 1117 403 1182 Horatio
425 1122 459 1180 et
482 1115 612 1181 Ouidio:
636 1116 714 1181 Hor.
739 1136 764 1180 c.
788 1115 845 1182 111.
870 1115 921 1183 29.
946 1115 995 1181 33.

443 1269 450 1283 .
475 1269 482 1282 .
507 1269 514 1282 .
538 1226 638 1285 cetera
657 1221 802 1301 fluminis

442 1324 510 1388 ritu
529 1324 677 1406 feruutur
698 1342 782 1388 ιιιιιιο
803 1323 904 1388 aredio
927 1323 1013 1388 aloea

545 1446 615 1490 euru
631 1446 712 1508 μασι
733 1425 904 1492 delabentis
924 1424 1099 1491 Etruscum

544 1531 579 1594 iu
600 1544 697 1609 ruere,
720 1548 803 1595 uuua
826 1529 948 1610 lapides
971 1528 1081 1594 adesos

443 1635 617 1716 stirpesque
639 1637 751 1715 raptas
775 1638 804 1697 et
819 1653 917 1714 peeus
939 1637 968 1696 et
989 1631 1096 1697 dolans

445 1736 593 1801 volueritis
614 1757 679 1800 uua
701 1756 764 1801 rou
785 1738 852 1801 siue
873 1737 1026 1801 urentium

547 1838 683 1903 elam-ore
703 1840 884 1921 rieiuaeque
904 1839 1011 1917 sileae,

547 1961 617 2006 euru
637 1943 712 2025 feru
734 1941 867 2007 diluvies
889 1943 1009 2024 quietos

444 2047 554 2110 irritat
575 2065 691 2110 omues.

137 2149 194 2213 Ov.
219 2168 247 2213 a.
272 2168 333 2214 am.
357 2149 412 2216 III.
436 2148 488 2213 63.
512 2147 624 2214 ludite:
646 2153 721 2214 eunt
742 2152 820 2214 aurii
841 2170 927 2214 ιιιονο
946 2150 1074 2230 tlueutis
1097 2167 1206 2231 σμασι,

289 2271 352 2332 uec,
377 2272 458 2335 quae
473 2253 651 2334 praeteriit,
675 2253 789 2316 iteruru
809 2250 1007 2317 revocabitur
1028 2251 1125 2330 αιιάα,

393 2373 456 2433 σοι,
480 2374 560 2437 quae
575 2356 750 2435 praeteriit,
774 2353 853 2420 lara
874 2354 977 2420 redire
993 2359 1103 2436 potest.

136 2458 178 2522 id.
202 2463 276 2522 met.
301 2457 369 2524 XV.
394 2457 466 2521 180.
489 2456 562 2538 ipsa
583 2478 703 2539 quaque
725 2457 855 2521 assidere
878 2457 1027 2522 laberetur
1050 2463 1189 2540 ternpora
1211 2461 1296 2520 iaetu

284 2581 347 2626 οων
368 2580 457 2626 secus
479 2579 516 2624 ασ
535 2560 671 2640 flumen:
694 2579 790 2642 reque
812 2561 894 2624 euiru
916 2561 1082 2625 consistere
1101 2561 1218 2640 fliiuieu

284 2684 338 2728 ιιοο
361 2662 437 2727 levis
459 2661 539 2728 lora
554 2667 667 2744 potest,
690 2662 746 2727 secl
766 2667 802 2726 ut
821 2662 910 2727 uuola
930 2662 1103 2744 impellitur
1124 2662 1220 2742 uuila,

283 2771 494 2850 uryueturque
516 2765 624 2830 eaderu
645 2767 770 2830 νεανίσκε
792 2772 962 2850 ανραοίααο
978 2769 1129 2847 priorem,

284 2874 424 2951 ίοιιιρονσ
445 2871 491 2934 sie
511 2871 641 2953 flualuut
655 2871 783 2951 pariter
799 2872 986 2952 pariterque
1007 2867 1232 2952 sequautur·.³³)

139 2974 310 3053 Imagines,
340 2971 456 3054 quibus
485 2991 595 3038 amnes
626 2971 771 3038 furentes
803 2972 1005 3053 inducuntur,
1036 2971 1196 3037 fonnnatae
1225 2976 1300 3036 sunt
1330 2973 1374 3036 ad

139 3076 272 3143 Homeri
296 3076 493 3156 exemplum:
517 3081 551 3140 E.
575 3076 625 3143 87.

345 3176 422 3233 θῦνε
441 3175 499 3254 γάρ
520 3169 562 3252 άμ
585 3171 687 3234 πεδίον
706 3178 835 3259 ποταμῷ
854 3176 1003 3253 πλήθοντι
1022 3173 1121 3248 ἐοικώς

344 3277 510 3361 χειμάρρῳ,
530 3273 592 3338 ὅστ’
613 3267 675 3336 ὦκα
695 3274 771 3355 ῥέειν
789 3274 931 3337 ἐκέδασσε
950 3278 1088 3358 γεφύρας·

345 3379 397 3438 τὸν
417 3373 505 3439 δρία
526 3370 565 3457 άρ
585 3402 613 3439 τι
632 3374 756 3459 γέφυραι
776 3374 931 3459 ἐεργμέναι
950 3377 1138 3458 ἰσχανόωσιν,

345 3475 405 3540 οὔτ’
427 3477 486 3560 άρα
506 3477 593 3561 ἕρκεα
612 3476 693 3561 ’ίσχει
713 3481 840 3542 άλωάων
858 3478 1031 3561 ἐριθηλέων.

346 3582 456 3645 illiont
475 3581 622 3663 ἐξαπίνης,
642 3583 684 3644 ὅτ’
705 3581 841 3668 ἐπιβρίσῃ
862 3584 937 3657 Διὸς
956 3579 1077 3664 ὄμβρος

344 3690 438 3748 πολλα
458 3684 537 3747 άάπ’
556 3686 647 3747 αὐτοῦ
665 3682 738 3766 ἔργα
755 3687 897 3767 κατήριπε
917 3687 980 3747 κάλ’
1001 3687 1122 3768 αἰζηῶν·
1145 3700 1154 3720 ‘

141 3794 217 3854 sunl
250 3794 359 3854 autem
387 3788 467 3852 hae:
505 3786 636 3854 Theocr.
674 3786 724 3852 25.
756 3787 829 3851 201.
860 3791 974 3865 πάντας
999 3794 1057 3872 γάρ
1077 3796 1184 3871 πισῆας
1211 3791 1373 3865 ἐπικλύζων

141 3896 274 3973 ποταμός
295 3891 334 3968 άίς
353 3897 398 3968 λῖς
418 3890 531 3973 άμστον
550 3894 680 3974 κεράϊξε.
703 3889 879 3955 Dioscorid.
904 3891 941 3954 A.
967 3892 1000 3958 Ρ.
1024 3890 1095 3957 VII.
1117 3892 1190 3953 411.
1221 3894 1373 3973 Αίςχάλος

141 3996 222 4077 ὁμὴ
244 3999 386 4077 apelleum*
407 3999 541 4078 χαράξας
560 3998 736 4077 γράμματα,
757 3999 913 4083 χειμάρρῳ
940 3989 1019 4057 άόἷα
1046 3994 1254 4074 καταράάμενα
1289 3993 1374 4074 quod

141 4094 280 4162 fortasse
302 4097 463 4178 spectavit
484 4097 640 4161 Horatius
663 4115 689 4162 o.
713 4097 768 4162 IV.
790 4097 820 4161 2.
845 4097 875 4161 5.

398 4206 500 4266 moute
522 4200 689 4265 rleourreus
710 4201 794 4267 velut
815 4201 927 4277 amuis,
951 4196 1066 4261 imbres

400 4323 489 4384 quera
510 4323 607 4384 super
628 4309 720 4369 uotas
742 4303 848 4368 aluere
869 4304 970 4381 rurus,
