3008 5010
664 190 858 255 „g-

147 395 269 475 optime
291 394 459 459 absolvere
482 394 560 459 mihi
584 395 703 471 uideor,
735 395 761 460 si
783 395 922 476 primum
950 397 988 460 de
1019 395 1080 460 diis
1103 415 1207 477 again,
1239 401 1308 460 tum
1338 397 1377 460 de

147 498 257 562 mundi
279 497 435 578 partibus,
466 498 625 564 sideribus
647 517 771 580 nempe,
801 505 885 574 adro,
909 506 1008 576 terra,
1040 518 1132 580 aqua,
1155 506 1229 580 post
1260 499 1298 563 de
1321 498 1377 563 ho-

148 599 294 665 minibus.
326 620 421 682 quam
454 606 580 681 partem
615 602 661 665 ita
690 601 909 680 tractabimus,
938 607 975 665 ut
1004 601 1142 682 primum
1174 621 1376 682 quaeramus,

149 703 225 784 quid
254 704 388 768 rationis
422 703 603 768 intercedat
634 705 718 768 inter
745 704 899 780 homines,
930 709 1009 781 tum,
1046 704 1203 784 ‹paromodo
1232 704 1379 768 homines

148 810 282 871 utantur
304 811 338 871 et
360 807 550 872 animalibus
574 814 607 872 et
629 807 821 873 inanimatis.

251 909 312 974 Ilii
334 911 371 975 et
392 910 577 976 sollemnia
599 911 821 993 religionum.
868 910 1118 975 Pulcritndinem
1147 911 1278 974 deorum
1311 911 1379 975 siue

149 1013 256 1094 potins
278 1013 419 1093 dearum,
452 1019 488 1077 ut
518 1014 675 1094 imagines
702 1020 808 1079 certas
830 1012 955 1078 fabulas
986 1018 1169 1094 spectantes
1200 1013 1380 1089 mittamus

150 1135 342 1198 quamquam
375 1117 438 1180 iam
473 1116 633 1182 Homerus
666 1118 698 1181 in
730 1115 1021 1198 comparationibus
1054 1115 1151 1180 habet
1183 1151 1226 1160 --
1260 1120 1379 1185 daos:

149 1225 224 1304 καλὴ
244 1224 450 1303 Καστιάνειρα
470 1219 562 1301 δέμας
582 1222 674 1282 εἰκαῖα
696 1219 802 1307 θέῃσιν
822 1255 874 1298 -,
914 1218 999 1300 apud
1031 1224 1152 1298 poetata,
1193 1218 1232 1282 de
1266 1219 1380 1299 quibus

150 1323 201 1388 hic
223 1323 342 1403 agitur,
366 1340 427 1386 non
450 1322 557 1386 iuveni
581 1321 642 1387 nisi
665 1320 723 1401 Ov,
747 1326 821 1386 met.
845 1321 899 1387 VI.
923 1320 1040 1401 45211)

781 1423 888 1504 quoles
910 1422 1022 1487 condire
1042 1422 1176 1486 soleratas

390 1527 505 1591 recides
528 1533 583 1591 ont
605 1527 745 1610 dryades
778 1526 887 1591 eeeediis
918 1525 1053 1590 incedere
1079 1525 1175 1602 silvis,

390 1630 420 1694 si
441 1630 531 1695 caedo
555 1631 608 1694 des
630 1630 694 1693 illis
717 1630 818 1694 cacitas
839 1629 1014 1710 similesque
1028 1608 1218 1709 puluinar)

289 1735 394 1808 Sapph.
416 1738 442 1794 2.
465 1736 491 1795 1,
512 1726 652 1810 φαίνεταί
670 1751 721 1806 μοι
742 1732 833 1807 κῆνος
853 1723 917 1800 ἰ’σος
937 1727 1050 1788 dicrota

513 1828 611 1910 ἔμμεν
632 1826 721 1910 cirne,
742 1824 820 1904 ὅστις
840 1827 970 1903 ἐναντίος
990 1852 1033 1890 τοι

514 1934 608 2006 ἱζάνει
626 1934 675 1994 καὶ
695 1931 818 1994 πλασίαν
837 1923 896 1994 eido
915 1934 1015 2014 φιανεύ

514 2058 568 2112 σας
587 2037 727 2098 ὑπακούει

153 2148 185 2211 in
208 2147 349 2228 linguam
372 2147 504 2211 latinam
528 2147 626 2211 vertit
649 2145 794 2211 Catullus
816 2146 867 2211 51.
894 2148 921 2210 1.

514 2249 565 2314 ille
587 2249 631 2313 mi
645 2269 712 2330 por
734 2269 799 2313 esse
821 2251 875 2314 deo
898 2250 1019 2314 eidctor

515 2353 574 2431 ille,
597 2353 627 2416 si
639 2353 701 2436 fes
722 2358 775 2431 est,
798 2373 948 2435 superare
969 2354 1066 2431 dicos,

515 2455 569 2535 qai
590 2456 700 2520 sedeas
722 2455 874 2520 αααανεαε
895 2456 1060 2520 identidem
1082 2461 1109 2519 te

516 2563 631 2638 spectet
653 2564 680 2622 et
702 2558 798 2623 audit.

158 2661 214 2725 sed
244 2680 306 2726 non
336 2660 439 2725 sohun
469 2661 607 2725 iactavit
636 2661 838 2725 sententiam.
868 2697 911 2705 -
939 2661 1067 2742 Sappho
1098 2661 1182 2725 enim
1212 2658 1385 2735 contendit,

156 2764 315 2829 neminem
336 2772 498 2844 aspectum
521 2764 647 2844 puellae
662 2765 756 2829 istius
778 2763 862 2828 ferre
886 2783 989 2845 posse,
1013 2764 1074 2829 nisi
1096 2765 1150 2845 qui
1173 2763 1279 2827 divina
1303 2781 1381 2844 qua-

159 2865 231 2930 dam
255 2866 285 2929 vi
308 2865 475 2946 praeditus
497 2866 555 2930 sit:
580 2865 726 2931 Catullus
749 2871 861 2931 contra
884 2866 1015 2931 delicias
1037 2866 1185 2943 amantis,
1218 2866 1271 2947 qui
1294 2864 1385 2945 puel-

159 2969 223 3034 lam
245 2987 336 3034 suam
359 2969 511 3048 intuetur,
536 2969 668 3034 deornm
688 2969 882 3035 beatitudini
898 2974 1067 3051 comparat
1087 3004 1130 3014 -
1153 2987 1265 3033 verum
1288 2967 1386 3031 etiam

159 3072 261 3136 altero
296 3091 391 3136 versu
427 3089 444 3135 e
476 3073 542 3138 suis
576 3073 685 3139 addito
718 3092 847 3139 carmen
880 3073 1072 3155 quadratum
1106 3072 1252 3152 corrupit
1283 3069 1386 3150 inagis

160 3194 255 3258 quam
279 3175 453 3239 exornavit.
499 3175 527 3238 A
551 3174 755 3241 sollemnibus
785 3177 978 3258 religionum
1008 3195 1063 3241 eas
1086 3175 1310 3241 similitudines
1334 3173 1387 3237 de-

161 3278 296 3359 promsit
318 3277 461 3357 OridiuS,
485 3296 567 3359 quae
588 3278 740 3358 leguntur
763 3297 815 3343 ani
837 3279 861 3342 I.
877 3279 907 3342 4.
932 3280 982 3346 27.
1006 3283 1097 3361 lotape
1119 3299 1216 3342 mono
1238 3296 1386 3352 ιιιαιεαια,

160 3385 291 3464 integant
312 3400 371 3462 qno
394 3401 479 3445 escere
493 3383 677 3461 pr·ceeates“
702 3384 735 3444 et
758 3399 809 3444 am
831 3385 883 3444 ΙΙΙ.
910 3383 938 3446 7.
962 3381 1013 3444 21.
1031 3381 1076 3445 sic
1089 3379 1243 3460 flamines
1259 3378 1388 3442 oddone

154 3485 232 3566 pies
254 3489 379 3549 aeterne
401 3483 546 3548 sacerdos
568 3483 699 3565 serpit
723 3481 811 3558 Quae
835 3483 874 3547 ad
897 3482 1018 3547 hostias
1034 3482 1208 3563 pertinent,
1232 3500 1287 3547 eas
1305 3500 1388 3546 com-

161 3588 346 3669 parationes
378 3587 440 3651 alio
464 3586 532 3651 loeo
555 3586 743 3662 videbimus,
766 3603 849 3650 nunc
871 3585 911 3649 de
933 3585 973 3650 iis
995 3584 1163 3649 dicendum
1192 3590 1251 3663 est,
1275 3583 1389 3665 quribus

162 3691 203 3756 ad
224 3691 386 3770 ingentem
409 3688 552 3754 furorem
574 3688 799 3752 illustrandum
821 3686 960 3752 bacchae
982 3688 1185 3752 inducuntur.
1217 3687 1389 3768 Exemplar

161 3793 225 3858 fuit
247 3793 276 3858 X
297 3793 363 3858 460
384 3797 524 3876 μεγάροιο
546 3791 680 3857 dac-'ouran
700 3794 822 3872 μαινάδι
842 3789 902 3874 ion.
925 3791 1066 3856 Bacchas
1089 3792 1200 3857 insane
1223 3795 1391 3854 currentes

162 3895 278 3961 habes:
301 3895 380 3962 Hor.
404 3893 630 3960 e.111.15.10
645 3895 740 3974 predae
767 3893 887 3975 Thyias
908 3893 955 3957 eti
976 3893 1094 3958 coneda
1114 3898 1270 3976 teramnae.
1293 3892 1388 3972 Prop.

163 3999 207 4063 IV
231 4000 259 4062 7.
285 3998 334 4066 14.
357 4019 412 4063 sea
432 3997 571 4078 sepelitur
592 3997 721 4076 laaedios,
744 3997 882 4062 Maenas
911 4003 945 4062 at
966 3997 1035 4078 ieta,
1059 3997 1136 4060 nias.
1181 3995 1277 4070 Verg.
1309 3994 1388 4058 Aen.

163 4103 216 4167 IV.
241 4102 313 4169 301.
338 4102 512 4181 decolletur,
536 4101 640 4181 perulis
654 4101 812 4165 eolrlmotis
833 4100 932 4166 excito
946 4100 1047 4164 sceris
1073 4097 1194 4180 prios
1215 4097 1269 4161 arbi
1284 4097 1390 4161 cardito

270 4290 299 4359 ¹¹)
317 4290 388 4344 Cum
415 4291 524 4359 saepius
550 4307 607 4344 una
631 4290 767 4344 sententia
790 4288 885 4357 plures
914 4287 1047 4356 imagines
1075 4286 1221 4352 contineat,
1248 4301 1304 4338 non
1331 4284 1390 4337 eius

164 4392 268 4443 versus,
295 4392 383 4442 actuo
402 4375 539 4429 sententia
557 4376 668 4429 initium
687 4375 785 4443 capiat,
803 4374 861 4427 sed
887 4374 946 4426 eius
973 4389 1077 4438 versus,
1105 4388 1194 4438 aquo
1221 4371 1282 4440 ipsa
1299 4370 1390 4438 imago

165 4461 298 4527 ordiatur,
317 4477 465 4514 numerum
483 4460 606 4530 ascripsi.

270 4546 301 4615 ¹²)
320 4562 389 4614 quos
406 4563 503 4599 uersus
526 4545 601 4599 haud
623 4549 682 4599 tam
701 4544 871 4599 confidenter
889 4544 986 4597 Ouidio
1010 4542 1202 4610 abindimrim,
1227 4542 1391 4613 praesertim

167 4650 230 4689 cum
249 4633 385 4689 correctio
411 4631 466 4699 illa,
492 4647 561 4699 quae
579 4630 680 4686 ultimo
698 4631 791 4686 versui
814 4631 894 4700 inest,
918 4630 1010 4687 nescio
1029 4629 1097 4699 quid
1116 4629 1280 4685 Ouidianum
1298 4629 1391 4700 spiret.
