3008 5010
668 172 880 238 ..12-

158 380 287 462 speculo
319 380 369 444 uel
401 398 484 461 aquia
515 381 712 461 repercussis
744 380 877 444 Ovidius
908 386 1074 460 corriperet
1102 398 1130 443 a.
1163 399 1224 445 em.
1248 379 1289 443 II.
1314 379 1386 443 722.

158 483 289 564 aspicies
312 483 415 546 ocutos
437 483 567 546 tremulo
580 483 711 565 futpore
733 482 889 561 micumes,
919 487 954 546 ut
975 482 1022 547 sot
1045 503 1065 544 u
1087 481 1208 563 tiqeeido
1230 502 1320 561 saepe
1342 502 1390 545 re·

148 586 256 669 supet
278 607 370 666 mue.
401 591 474 649 met.
499 586 553 650 IV.
584 586 655 653 348.
677 585 823 668 sioprcnt
849 605 967 666 quoque
996 585 1119 649 turnino
1145 585 1298 666 rrprrmboe
1327 605 1390 648 uorc

158 690 248 753 utitor
272 710 457 770 guerricum
480 710 565 768 puro
594 689 801 752 nitidissimus
826 689 897 753 orte
928 689 1068 769 oppositu
1094 688 1210 767 speculi
1241 687 1391 770 referitur

158 792 294 874 immine
317 790 470 856 Phoebus.
516 790 638 868 Quibus
660 809 730 856 cum
754 792 832 856 locis
861 798 958 873 poeta
987 791 1145 872 fulgorem
1169 797 1303 871 spectet,
1326 809 1390 855 nou

158 901 293 975 possunt
315 895 495 975 comparari
518 913 590 958 cunr
605 894 741 975 Vergilii
766 895 844 958 Aen.
870 895 954 958 VIII.
978 894 1028 957 22.

363 1003 454 1077 cupite
476 998 617 1060 crciuuuu
639 998 764 1062 celerem
785 1018 869 1061 ιιιιιιο
890 997 958 1076 brec,
981 1017 1063 1060 rrum
1085 996 1195 1061 aletur
1216 996 1290 1059 itt-ue

364 1101 398 1163 iu
414 1105 583 1180 partesque
604 1100 690 1180 rupit
710 1100 819 1163 userius
834 1120 952 1180 perque
974 1099 1079 1163 oemio
1100 1103 1219 1164 uersat:

363 1202 443 1266 sieut
465 1223 564 1283 ιιιμιοο
585 1202 753 1266 tremulum
774 1202 873 1266 labris
894 1202 949 1265 ubi
971 1202 1075 1266 liemon
1097 1202 1185 1265 eet-reis

363 1306 425 1369 sote
447 1305 630 1386 repercusso
649 1310 703 1368 etet
724 1305 882 1370 roetiuutis
904 1305 1040 1387 ι’·ιιιιιμιῗπο
1063 1306 1155 1370 terrene

366 1409 471 1472 orreuiu
486 1408 654 1489 pervolitat
675 1409 735 1472 tote
757 1409 825 1472 toco
846 1409 969 1488 iuratque
990 1409 1048 1472 sul)
1071 1430 1170 1471 necrus

364 1512 495 1594 eripitur
516 1512 690 1592 summique
704 1513 785 1595 ferit
807 1512 951 1576 locutorio
973 1512 1048 1575 tecti.

162 1616 277 1696 quibus
300 1615 446 1680 versibus
469 1634 507 1679 en
523 1615 684 1697 Apollonii
703 1615 822 1696 Argen.
847 1616 901 1680 Ill.
927 1615 999 1694 754,
1024 1620 1060 1680 ut
1082 1619 1170 1678 recte
1201 1615 1283 1678 uidit
1298 1615 1389 1679 Was-

161 1714 344 1801 bietlius‚²¹)
369 1718 577 1799 depromptis,
602 1723 698 1799 poeta
714 1718 912 1782 celeritatem
935 1719 1088 1798 respexit,
1112 1717 1298 1797 quaomnia
1320 1717 1390 1782 locu

162 1820 269 1883 lumen
291 1821 474 1901 pervolitet.
520 1819 654 1884 Ovidius
677 1820 761 1884 trist.
785 1819 825 1884 ll.
850 1820 913 1885 325
937 1839 971 1884 se
993 1819 1071 1883 facit
1093 1825 1301 1900 quaerentem
1325 1820 1390 1882 Au-

163 1923 250 2002 gusti
273 1922 387 1986 faciem
410 1927 447 1987 ut
463 1973 495 1986 ..
540 1922 670 1985 trabunt
692 1922 794 1985 enectos
816 1922 978 1986 ruitantia
999 1921 1120 1984 tuuc-‘inu
1135 1921 1220 2000 sotis,
1244 1923 1294 1985 cui
1317 1940 1390 1986 con-

160 2024 296 2088 trariam
328 2025 501 2105 imaginem
530 2025 628 2089 babet
659 2043 697 2088 ex
719 2025 754 2088 P.
778 2023 835 2088 III.
859 2025 889 2090 4.
913 2025 964 2088 49.
997 2029 1089 2104 utque
1111 2024 1320 2107 reformidem
1341 2024 1390 2087 iu·

157 2131 279 2190 suctum
301 2127 423 2191 tentiae
444 2125 591 2207 soteru.²²)
637 2127 702 2191 Soli
727 2125 855 2192 umbras
879 2127 1013 2208 opponit
1035 2145 1113 2194 rem.
1137 2146 1198 2191 eru.
1222 2127 1295 2192 405.
1321 2126 1390 2209 fri-

155 2251 230 2312 gore
251 2231 339 2309 setes,
370 2231 433 2295 sote
454 2230 563 2294 irruunt
584 2231 705 2308 ιιιπλνιι,
728 2230 778 2294 cui
809 2230 921 2294 similis
952 2235 1001 2294 est
1024 2229 1172 2311 Aeschyli
1195 2230 1386 2311 metaphora

158 2335 218 2415 Ag.
243 2335 314 2399 968.

466 2415 514 2474 καὶ
535 2416 588 2475 σοι)
608 2415 752 2493 μολόντος
772 2415 935 2494 δωματῖτιν
955 2410 1057 2475 ἑστίαν

466 2519 585 2591 θάλπος
604 2515 661 2596 μὲν
681 2516 713 2578 ἓν
732 2521 856 2597 χειμῶνι
879 2515 990 2597 οημιιιῗν
1010 2541 1033 2578 ιο
1053 2518 1146 2596 μολόν

465 2615 536 2679 ὅταν
556 2617 589 2680 δὲ
609 2621 703 2705 τεύχῃ
723 2621 800 2693 Ζεύς
820 2620 882 2680 'un'
902 2615 1036 2700 ὄμφακος
1056 2623 1160 2700 πικροῖς

464 2713 552 2795 οἶνον,
573 2720 713 2802 τότ’,ἤιλη
732 2727 832 2803 ψῦχος
851 2721 883 2784 ἐν
904 2722 1005 2801 δόμοις
1025 2721 1106 2783 πέλει

465 2825 574 2906 ἀνδρὸς
593 2824 705 2886 τελείου
725 2825 800 2905 δῶμ’
822 2822 1136 2908 tniocpropaptvovrr)

263 2932 463 3015 Quamquam
485 2939 591 2999 alitem
609 2952 671 2999 non
695 2935 800 3012 credo,
824 2934 908 2999 hunc
930 2935 1034 2999 locum
1051 2933 1165 2999 Ovidis
1182 2935 1391 2999 observatum

159 3053 238 3114 esse,
262 3036 455 3116 praesertim
485 3053 556 3100 cum
588 3036 722 3101 earrdem
745 3037 918 3118 imaginem
951 3039 1049 3102 etiarn
1077 3037 1108 3100 in
1133 3037 1273 3101 camnine
1295 3036 1390 3118 Poly-

158 3137 265 3219 pbemi
288 3139 505 3220 usurpaverit,
537 3139 575 3203 de
598 3158 660 3220 quo
683 3140 759 3221 quid
788 3140 953 3218 sentirem,
984 3157 1083 3220 supra
1105 3139 1179 3219 diri,
1204 3145 1279 3206 met.
1301 3139 1389 3203 XIII.

158 3240 220 3305 793
243 3240 360 3304 cotibus
381 3240 528 3323 bibernis,
559 3242 677 3306 oestieo
696 3242 819 3325 μαλλον
847 3242 968 3321 colubro,
998 3247 1106 3307 temen
1137 3242 1292 3307 memoria
1322 3241 1390 3321 dig·-

159 3363 234 3407 num
252 3344 388 3423 ridetur,
413 3344 509 3408 aliurn
526 3364 650 3426 quoque
666 3346 839 3425 imaginem
856 3345 932 3410 solis
948 3352 981 3410 et
997 3344 1129 3410 umbrae
1145 3346 1230 3410 trist.
1247 3345 1272 3408 Ι.
1288 3345 1318 3409 9.
1338 3346 1386 3412 11.

311 3452 403 3528 utque
425 3467 523 3512 conces
545 3449 654 3513 ructios
669 3469 730 3530 per
752 3449 828 3513 sotis
850 3449 992 3514 cuntibus
1014 3447 1128 3511 uarium
1148 3453 1201 3526 est,

414 3571 483 3615 cerm
504 3551 577 3616 tutet
598 3551 647 3616 bie
661 3573 795 3633 pressus
816 3551 960 3630 nubibus,
983 3551 1040 3614 itte
1054 3550 1163 3633 sepit:

314 3653 423 3718 ouobito
445 3653 490 3717 sie
510 3655 650 3736 sequitur
663 3656 817 3738 fortunae
839 3655 960 3719 termino
981 3654 1099 3737 colpus,

417 3778 496 3838 quoe
517 3757 612 3822 siruut
633 3758 761 3823 indricto
781 3758 862 3823 uubo
883 3762 1036 3840 teguntur,
1060 3757 1132 3822 obit.

260 3979 294 4047 ²¹)
313 3979 347 4033 de
366 3977 594 4033 similitudinibus
613 3977 835 4047 imaginibusque
854 3976 1004 4033 Ouidianis.
1024 3978 1087 4031 diss.
1107 3976 1221 4031 liudob.
1243 3975 1317 4028 1883.

260 4065 293 4134 ²²)
311 4064 396 4119 etiem
422 4065 451 4118 in
476 4064 531 4118 hoc
559 4080 715 4134 cognosces,
744 4080 828 4132 quam
855 4064 983 4119 versatile
1011 4063 1096 4118 fuerit
1118 4061 1209 4116 Ovidii
1235 4061 1386 4132 ingenium,

157 4149 232 4218 quod
249 4150 325 4203 haud
343 4166 406 4204 raro
425 4150 529 4204 eisdem
547 4151 588 4204 rei
606 4150 730 4205 diverses
748 4153 841 4220 partes
860 4151 889 4204 in
906 4149 1040 4220 imagines
1053 4149 1229 4215 converterit,
1248 4148 1327 4202 cuius
1345 4147 1387 4200 rei

157 4235 251 4290 omnia
268 4235 395 4305 exempla
419 4235 466 4289 hie
492 4252 655 4290 enumerare
682 4251 918 4306 superuacaneum
940 4251 999 4288 esse
1026 4233 1129 4302 putari,
1158 4250 1223 4287 cum
1248 4233 1278 4286 in
1307 4249 1391 4286 cursu

156 4321 359 4376 dissertationis
376 4320 536 4391 singillatbn
554 4322 694 4377 afferenda
712 4322 774 4375 siut.

258 4424 291 4494 23)
310 4440 393 4491 quem
417 4423 512 4479 locum
534 4425 729 4491 Bernhardyus
752 4453 786 4463 -
813 4422 964 4478 GrundrIss
988 4422 1013 4476 d.
1037 4421 1140 4492 griech.
1166 4421 1211 4475 Lit
1243 4421 1277 4478 II.
1304 4420 1386 4475 1859.

156 4530 183 4581 p.
202 4511 260 4565 247.
279 4510 403 4563 —inter
429 4526 476 4564 eos
494 4510 587 4576 refert,
613 4511 661 4576 qui
679 4510 704 4563 ei
730 4509 811 4577 qnasi
828 4510 917 4563 artem
936 4508 1075 4577 poeticum
1101 4506 1264 4565 orientalem
1283 4507 1389 4577 spirare

156 4597 293 4655 ridentur.
