3008 5010
640 138 856 207 -34-

235 343 306 416 Ars
328 348 474 415 musica.
521 347 667 413 Sonitum
683 347 780 412 tibiae
796 347 945 413 Moschus
969 349 1001 411 in
1023 348 1174 425 carmine,
1194 346 1372 428 ,Europes

133 451 218 535 quod
239 452 426 516 inscribitur
448 452 556 532 inepte
586 458 752 531 comparat
775 469 847 515 curn
870 451 960 516 bovis
983 451 1110 530 mugitu
1133 451 1184 518 97.
1208 454 1328 534 Αὐτὰρ
1359 453 1374 516 ὃ

132 547 277 629 μειλίχιον
300 551 454 629 μυκήσατο
467 551 606 630 'malduci'
632 549 724 611 αὐλοῦ
750 546 927 628 Μογδονὶοο
952 549 1060 629 γλυκύν
1087 539 1163 630 ἦχον
1182 548 1373 627 α’νηιιύοντος

133 660 259 720 ἀκούειν.
292 657 433 722 Fistulae
469 656 606 722 formam
637 656 769 722 Ovidius
797 656 936 722 adhibet.
969 661 1044 722 met.
1073 656 1151 721 VIII
1181 657 1254 725 191.
1296 654 1373 737 ,Sic

132 758 252 824 restim
285 760 443 842 paecedunt
467 759 579 844 fistulo
626 759 809 840 dispruribas
845 759 1006 840 proulutioa
1038 759 1141 842 surgit
1173 761 1302 824 events
1338 765 1372 825 et

132 862 207 928 ibid.
231 863 304 931 XII.
334 863 396 928 481
431 864 575 946 tympani
606 864 761 928 sonitum:
795 867 869 944 „out
890 863 919 926 si
946 862 1017 944 quis
1038 882 1143 943 porco
1164 861 1269 945 feriat
1290 883 1371 927 οοοα

132 971 284 1049 tympano
298 967 405 1031 soacef‘
440 966 534 1047 Apud
549 965 760 1048 Priapeormn
776 972 923 1032 auctores
939 966 988 1031 bis
1003 966 1183 1031 invenimus
1198 965 1370 1031 obscenam

133 1070 305 1152 imaginem
321 1069 443 1133 citiore
465 1070 581 1134 tensior
603 1071 632 1149 6,
657 1068 687 1147 5,
711 1069 831 1149 68,16.
856 1068 1077 1146 citharoedos,
1093 1069 1147 1151 qui
1163 1068 1215 1132 vel
1237 1086 1370 1133 carcere

127 1295 248 1359 peuopo
270 1273 405 1355 -quis
427 1273 483 1337 leuc
497 1271 653 1354 putaret?
674 1306 717 1319 -
737 1278 772 1340 ut
798 1273 904 1338 clusus
933 1272 1129 1338 citharoedus
1157 1273 1367 1338 ubsticeateoa.

236 1445 306 1513 Ars
328 1445 506 1530 pingendi.
553 1445 645 1523 Quod
675 1447 771 1511 etiam
803 1447 888 1528 apud
916 1465 974 1510 nos
1007 1463 1103 1526 saepe
1132 1443 1178 1523 fit,
1209 1450 1246 1509 ut
1268 1444 1369 1511 facies

134 1549 307 1631 perpulcra
330 1550 420 1631 quasi
443 1550 531 1630 picta
546 1568 616 1616 esse
633 1551 768 1630 dicatur,
780 1548 822 1631 4⁷)
847 1554 952 1615 exstat
975 1549 1104 1630 quidem
1127 1548 1212 1630 apud
1235 1553 1367 1614 veteres

134 1686 177 1698 -
192 1656 228 1716 ut
243 1653 276 1716 in
292 1652 441 1734 Aeschyli
456 1652 695 1732 Agamemnone
707 1654 771 1718 240
787 1653 938 1736 Πρέηοοα
954 1652 1033 1728 ὅπως
1048 1654 1080 1716 ἐν
1099 1658 1229 1736 γραφαῖς
1250 1656 1370 1732 poetae

136 1755 270 1836 elegiaci
293 1760 401 1819 autem
419 1759 541 1818 certam
556 1772 684 1835 semper
699 1754 836 1818 formam
853 1759 1090 1835 spectaverunt.
1114 1754 1209 1836 Prop.
1233 1753 1258 1834 Ι,
1282 1754 1315 1832 2,
1328 1756 1371 1819 22

134 1858 190 1923 secl
202 1857 309 1941 socies
332 1857 451 1935 uclmnt,
473 1856 571 1921 ocellis
593 1857 726 1921 obnoxiu
753 1858 893 1939 geminis,
917 1858 1021 1939 qualis
1050 1856 1191 1938 Apelleis
1219 1861 1264 1921 est
1287 1857 1373 1922 color

136 1960 171 2024 in
201 1959 326 2024 tubulis.
372 1958 429 2024 Or.
454 1978 516 2027 am.
547 1960 603 2036 III,
626 1961 656 2038 2,
681 1960 732 2037 31,
766 1960 843 2023 tolia
871 1961 1049 2043 pingantur
1070 1959 1241 2025 succinctae
1273 1980 1373 2024 crura

136 2061 272 2141 Dioaue,
296 2083 366 2126 οανα
387 2062 527 2143 sequitur
540 2062 646 2146 fortes
659 2062 781 2146 fortior·
802 2063 873 2143 ipso
886 2062 990 2146 ferne.
1015 2069 1092 2129 met.
1112 2064 1150 2128 X.
1174 2064 1238 2129 515
1260 2063 1374 2143 quma
1422 2056 1424 2063 ’

135 2186 270 2247 numque
302 2185 434 2247 corporo
466 2165 623 2229 ιιαιλονιιοι
656 2165 765 2230 tubalea
791 2166 969 2248 palpantur·
991 2165 1156 2245 Amorum,
1190 2165 1264 2230 tulis
1292 2172 1373 2233 erut.

137 2269 337 2335 Subiciamus
359 2269 420 2347 hic,
444 2287 527 2349 quae
551 2269 590 2333 de
623 2274 694 2333 arte
718 2274 825 2333 vestes
848 2270 994 2349 tingendi
1017 2269 1174 2351 imagines
1198 2273 1274 2334 sunt
1288 2269 1372 2336 Hor.

137 2392 170 2438 c:
193 2373 250 2453 III,
274 2372 303 2453 5,
328 2372 368 2436 27
391 2392 487 2452 aeque
509 2372 644 2435 umissos
666 2371 782 2436 colores
804 2372 880 2436 luno
901 2371 998 2454 refert
1019 2371 1173 2436 iacincto
1186 2372 1266 2455 suco
1289 2377 1374 2436 et·-

137 2477 165 2542 si
185 2475 270 2539 hunc
293 2475 396 2538 locum
419 2474 471 2538 hic
500 2472 616 2539 afferre
650 2475 724 2538 licet
755 2510 797 2518 —
829 2474 886 2542 Or.
911 2480 986 2539 met.
1010 2475 1049 2554 X,
1073 2473 1137 2540 595
1159 2475 1246 2539 louet
1269 2475 1372 2555 aliter,

138 2599 235 2660 quom
257 2597 327 2641 οααι
349 2597 444 2656 super·
466 2577 551 2640 atriu
579 2576 680 2640 celaia
707 2577 844 2641 coactitio
860 2597 1059 2657 ριαρανοαοι
1086 2578 1253 2642 simulatos
1275 2579 1374 2662 iopicit

137 2681 277 2746 ambi-as.

241 2851 311 2918 Ars
334 2850 520 2918 statuaria.
566 2852 673 2916 Etiam
708 2858 835 2918 statuae
868 2852 900 2917 in
941 2853 1233 2934 comparationibus
1265 2852 1373 2919 locum

136 2956 265 3021 habent.
296 2954 429 3022 Theocr.
447 2956 498 3033 22,
514 2955 555 3019 47
579 2960 698 3041 στήθεα
718 2958 746 3018 δ’
767 2957 935 3038 topanozi
951 2960 1080 3036 πελώρια
1093 2960 1141 3018 καὶ
1161 2962 1256 3020 πλατὺ
1277 2964 1373 3020 νῶτον

139 3063 224 3142 σαρκὶ
245 3059 385 3145 σιδηρείῃ,
406 3063 594 3142 σφυρήλατος
619 3053 668 3121 οἷα
687 3063 835 3135 κολοσσός,
860 3060 1029 3126 materiam
1053 3064 1189 3139 spectat,
1205 3059 1301 3140 Prop.
1314 3060 1373 3124 ΙΙΙ.

141 3161 170 3240 1,
193 3163 233 3226 21
256 3166 291 3225 ut
312 3165 404 3242 capot
435 3161 468 3225 io
497 3161 622 3244 aucupatis
652 3161 707 3224 abi
736 3181 799 3225 ιιοιι
821 3166 866 3226 est
895 3166 1020 3244 tetigere
1042 3161 1151 3244 siquis,
1168 3161 1301 3242 ponitur
1323 3162 1374 3226 laic

138 3264 218 3328 ineos
240 3268 311 3328 oute
333 3283 447 3327 corono
471 3263 576 3344 peiles
608 3265 870 3345 magnitudinem,
902 3271 1025 3330 certum
1057 3284 1157 3346 genus
1189 3271 1373 3332 statuarum

140 3368 210 3433 Cat.
234 3367 285 3447 64,
309 3367 350 3430 61
373 3388 462 3446 paena
483 3367 598 3447 procul
619 3388 657 3431 ea‘
679 3367 751 3449 olpu
774 3367 901 3432 euocatis
923 3367 1045 3431 Minois
1074 3368 1185 3447 ocellis,
1217 3388 1315 3433 succo
1337 3374 1374 3433 ot

138 3469 257 3554 effigies
279 3467 471 3533 Buccleuotis
487 3470 648 3550 prospicit.
694 3469 795 3547 Quam
819 3478 926 3535 autem
949 3471 1000 3549 81,
1023 3471 1045 3534 4
1073 3471 1169 3536 habet
1198 3472 1373 3553 imaginem

138 3573 288 3638 ioouruto
312 3572 466 3655 pallidior
499 3577 605 3637 statuo
636 3591 826 3654 componere
860 3574 957 3639 liceat
990 3574 1270 3654 cumTheocr.2,
1296 3575 1368 3640 110.

139 3680 204 3761 ἀλλ’
223 3678 338 3761 ἒπάγην
362 3679 466 3759 δαγῦδι
479 3682 568 3740 καλὸν
588 3681 665 3760 χρόα
686 3681 840 3739 πάντοθεν
858 3670 912 3740 ἶσα
930 3694 1001 3740 cum
1024 3678 1117 3742 ambo
1133 3677 1194 3742 loci
1217 3677 1372 3758 pallidum

140 3779 279 3854 colorem
303 3783 459 3858 spectent.
494 3777 551 3842 ον.
576 3784 650 3842 met.
676 3777 727 3856 15,
753 3779 824 3846 169.

299 3878 395 3962 thue
416 3881 505 3945 nouis
524 3881 638 3964 facilis
668 3881 813 3963 sipieotur
835 3903 907 3947 cero
919 3883 1047 3967 siparis,

296 3983 363 4050 Nec
385 3989 496 4064 munet,
519 3990 553 4049 ut
565 3984 687 4068 fuerat,
710 4004 765 4050 nec
777 3984 909 4068 forneus
930 3991 1034 4052 servat
1055 3983 1187 4064 eustoc,

244 4223 277 4292 ⁴⁷)
295 4222 349 4276 hoc
383 4224 467 4277 etiam
500 4224 642 4295 imagines,
681 4241 750 4291 quae
781 4225 811 4278 in
840 4224 974 4278 Gudrunu
1004 4224 1063 4291 660,
1095 4223 1161 4278 1601
1192 4226 1314 4292 itemque
1344 4226 1373 4278 in

140 4308 301 4378 Nibclungis
332 4311 448 4376 exstant,
478 4311 643 4381 significant,
673 4327 762 4378 noque
792 4309 921 4380 intellego
949 4326 1000 4364 cur
1023 4309 1227 4364 Frommannus
1255 4311 1284 4364 in
1310 4328 1374 4379 pro·

141 4397 296 4463 grammate
313 4394 499 4464 Buedingensi
517 4396 584 4450 1882
603 4397 784 4465 contemptim
802 4412 848 4450 eas
866 4395 1005 4450 abiecerit.

244 4479 278 4549 ⁴⁸)
297 4480 407 4534 Retinet
436 4481 569 4534 nimirum
599 4482 684 4535 facies
715 4482 835 4535 hominis
865 4481 916 4535 sub
948 4482 1102 4536 meridiano
1133 4482 1210 4537 caelo
1240 4483 1373 4554 degentis,

142 4566 251 4620 etiamsi
269 4565 403 4636 pallescit,
422 4565 530 4620 fulvum
549 4565 678 4622 colorem.
