3008 5010
687 179 880 244 ..9.„

168 384 331 448 sterculum
358 384 512 450 trieterica
537 384 664 450 Beccbo
697 385 787 470 ονρνο
816 392 1044 467 nectareusque
1073 391 1160 448 ccccl
1189 385 1323 450 circuere
1347 383 1400 450 Oi-

168 489 306 567 tbceroo,
351 489 409 556 Ov.
434 509 462 557 a.
486 509 546 555 am.
571 489 627 554 ΙΙΙ.
653 492 724 555 mo.
748 509 802 554 aec
830 510 930 568 ονονο,
955 510 1016 570 per
1042 488 1162 553 medios
1185 489 1296 569 possis
1309 489 1400 571 furi-

170 591 275 655 bundo
297 592 419 672 cupillis
441 592 547 670 evolet,
571 598 605 656 ut
618 593 725 674 tlepcso
748 592 866 656 concito
881 591 1021 670 Baccho,
1036 590 1123 654 'frica
1147 595 1221 656 met.
1246 591 1301 656 IX.
1325 591 1398 655 641.

168 730 211 739 -
233 713 295 776 quo
317 695 387 759 loeo
410 699 523 775 aperte
545 694 765 770 Vergilianum
788 695 881 759 modo
904 693 1040 758 allatum
1063 693 1223 774 expressit
1244 701 1341 774 poeta
1354 728 1397 739 -

168 803 260 878 alque
282 803 334 862 leco
356 803 465 876 arcolae,
481 798 590 878 proles
615 796 772 875 Semeleia,
795 797 901 878 thyrso
917 795 1076 861 Ismccrice
1098 795 1249 860 celebrent
1270 795 1400 876 repetito

168 900 304 964 triennio
326 898 462 964 Boccbo.
484 899 560 983 [her.
586 901 636 966 13.
660 899 753 982 33¹³)
782 905 817 963 cul
837 920 917 980 prees
932 898 1105 980 praeemineo
1132 897 1265 980 tetipisse
1287 897 1400 963 Bicor-

169 1002 257 1084 ναρον
278 1003 372 1066 besto
394 1002 539 1081 cred-iter,
554 1002 711 1081 lece-errae,
726 1022 786 1083 quo
799 1002 901 1084 ferror
922 1003 983 1084 ecit
997 1022 1046 1071 eo.
1081 1001 1252 1082 Stuporem
1268 999 1400 1067 baccha-

170 1122 243 1168 rum
263 1104 413 1169 exhibent
434 1105 622 1186 Propertius
644 1105 668 1172 I.
692 1107 721 1171 3.
745 1105 775 1170 5.
798 1124 853 1169 νοοο
874 1105 979 1168 micas
1001 1102 1141 1168 assiduis
1162 1101 1286 1168 Edonis
1307 1103 1401 1186 fesso

170 1207 288 1273 cleorec's
309 1207 412 1288 cerulis
433 1207 467 1270 in
488 1208 616 1272 herboso
639 1208 770 1272 coneedit
790 1207 950 1288 Apidano.

170 1310 324 1376 Horatius
347 1309 402 1375 Ill.
427 1311 477 1378 25.
503 1311 532 1374 8.
568 1360 574 1375 .
601 1360 607 1374 .
630 1331 694 1374 αονν
715 1330 803 1376 secus
824 1310 859 1374 ν’νο
880 1310 964 1392 iupis

530 1435 567 1478 cac
588 1413 747 1496 οοανννλοΜ)
770 1419 871 1495 stapel
892 1413 1002 1478 Eccos.

529 1515 672 1582 Hebrum
687 1517 884 1598 prospiciens
905 1522 933 1581 et
953 1517 1022 1581 ανον
1044 1517 1213 1581 cccicdlduuc

535 1619 679 1684 Τλναοοα
701 1640 738 1683 oe
752 1620 834 1701 pede
856 1620 991 1683 borbore

530 1723 697 1787 bertredam
719 1722 898 1805 erodopeu.

172 1826 313 1890 Ovidius.
349 1827 433 1892 trist.
465 1825 519 1891 IV.
546 1828 573 1890 1.
596 1827 649 1893 41.
682 1830 775 1907 idque
807 1847 900 1890 οανννο
933 1827 1042 1891 berscire
1075 1847 1137 1890 nou
1169 1826 1260 1890 scutit
1292 1825 1401 1890 saucio

169 1929 292 2006 culeus,
307 1929 384 1991 dccc
397 1932 496 2009 strepet
510 1927 634 1993 Edcuc's
648 1929 775 1993 ecclam
795 1929 886 2012 lapis.
926 1929 1040 1994 Restat
1055 1935 1091 1993 ut
1106 1946 1400 2007 commemoremus,

170 2030 292 2096 inferos
320 2032 477 2096 neminem
508 2050 617 2097 eorum
640 2037 819 2114 poetarum,
848 2051 926 2114 quos
959 2033 1018 2096 hoc
1046 2032 1128 2097 libro
1151 2038 1336 2112 tractamus
1361 2032 1402 2096 ad

172 2135 444 2217 comparationem
476 2133 669 2213 adhibuisse,
700 2140 833 2216 excepto
867 2136 1020 2216 Vergilio,
1057 2135 1111 2216 qui
1146 2135 1240 2200 ludus
1274 2136 1401 2214 generis

172 2238 363 2318 imaginibus
386 2257 463 2304 usus
486 2244 536 2304 est
558 2239 636 2306 Aen.
661 2238 748 2306 Vlll.
772 2238 844 2305 243.

506 2346 533 2404 et
554 2341 719 2405 ulcerosae
733 2342 861 2421 percitos
876 2346 1008 2422 peterere
1031 2361 1196 2406 cocercoe:

368 2464 431 2508 nou
452 2464 540 2509 scetes
561 2463 598 2508 cc
619 2444 712 2526 siquo
731 2444 854 2524 penitus
875 2445 907 2509 ον’
933 2448 1019 2508 terro
1041 2444 1198 2509 dediscens

368 2547 513 2630 epternac
534 2552 649 2612 reseret
669 2547 757 2612 sedes
778 2552 806 2612 ct
827 2567 924 2630 νορννα
945 2547 1085 2612 recludet

362 2649 497 2731 pallido,
521 2652 570 2715 dis
592 2650 703 2729 ineisa,
726 2671 878 2732 superque
899 2651 1034 2716 ν’ναναααο
1057 2651 1242 2715 ber-cereum

369 2757 522 2832 recreetur,
545 2754 696 2835 trepide-et
717 2753 856 2818 ν’νανννὶοοο
879 2754 994 2819 {clerice
1016 2774 1132 2819 recrees.

172 2856 211 2923 X.
242 2857 314 2922 641.
347 2877 548 2940 pressumque
587 2856 705 2941 efflupd
733 2857 842 2935 celetis,
872 2863 968 2922 luorle
1001 2856 1084 2921 obito
1113 2856 1216 2938 pecudis
1239 2858 1405 2940 souuerse

173 2958 299 3024 volitare
312 2960 448 3043 flpcrcs.

275 3097 449 3180 Tempora
487 3099 569 3163 anni
612 3099 640 3162 si
677 3098 879 3179 requirimus,
918 3116 1012 3179 quem
1057 3098 1162 3163 locum
1204 3102 1335 3162 teneant
1371 3097 1404 3160 iu

174 3201 474 3281 comparationibus,
516 3200 724 3281 inveniemus,
767 3201 968 3266 rarissimum
1011 3219 1121 3266 eorum
1162 3220 1254 3267 usum
1295 3200 1402 3266 fuisse.

174 3302 275 3368 Unius
297 3303 382 3368 veris
413 3303 545 3368 dulcedo
579 3304 707 3386 saepius
736 3305 905 3369 laudatur:
944 3303 1077 3369 Theocr.
1101 3306 1130 3370 9.
1155 3305 1206 3370 34.
1255 3307 1318 3369 οὖν’
1350 3303 1404 3388 ἔαρ

172 3407 312 3484 ἐξαπίνας
336 3411 563 3491 γλυκερώτερον.
583 3407 625 3474 id.
653 3408 699 3472 12.
723 3409 753 3473 3.
777 3407 865 3474 ὅσσον
884 3408 938 3492 ἔαρ
959 3415 1106 3493 χειμῶνος
1126 3407 1216 3473 ἅδιον.
1249 3407 1402 3474 Alexand.

174 3509 245 3575 det.
269 3510 302 3574 in
325 3510 473 3592 Apolline
496 3512 532 3577 7:

759 3580 795 3674 ἧς
812 3589 856 3654 ἔτι
876 3594 995 3675 νύμφης

398 3693 521 3774 ribeira?
540 3693 573 3756 ἐν
592 3695 743 3775 θαλάμοις
762 3696 852 3757 καλὸν
872 3691 1062 3776 ἓλισσομένης

397 3796 550 3877 Ἀσσηοοῦ
567 3800 708 3878 βασιλῆος
727 3796 878 3860 ἐλεύσεται
896 3793 1012 3879 ἔκγονος
1038 3793 1173 3872 ’studere

398 3894 461 3981 ὅρκί
480 3898 621 3982 ὁμηρείης
640 3901 720 3962 ncor’
740 3900 976 3981 ἀποδωσόμενος,

398 4006 565 4085 προθήβης,
584 4001 670 4084 ἔαρος
691 4007 905 4086 θολερώτερος.

202 4133 206 4137 .
217 4132 379 4140 ...an-—a-

279 4187 310 4257 ¹³)
328 4204 500 4255 quamquem
524 4187 657 4258 epistulas
675 4189 778 4242 12—20
802 4187 911 4257 spurias
929 4204 988 4241 esse
1006 4190 1083 4256 puto,
1109 4190 1204 4242 tamen
1230 4204 1276 4242 eas
1295 4203 1405 4256 quoque

173 4273 318 4328 brevitatis
337 4290 422 4328 cauea
439 4273 491 4328 sub
510 4273 601 4329 Ovidii
618 4274 730 4328 nomine
747 4274 867 4344 profero.

280 4359 311 4428 14)
328 4359 398 4414 hoec
415 4359 558 4414 lenissimo
574 4359 691 4414 Vahleni
708 4359 827 4414 mutatio
845 4359 912 4426 quin
930 4376 996 4413 vera
1014 4375 1124 4427 quoque
1140 4359 1184 4427 sit,
1202 4359 1331 4427 equidem
1349 4376 1406 4414 non

173 4444 279 4499 dubito.
318 4446 484 4514 Bentleium‚
513 4450 547 4501 ut
574 4447 683 4502 Edoues
712 4447 870 4513 conficeret,
900 4445 1028 4517 analogia
1055 4445 1182 4501 locorum
1211 4446 1349 4515 Propertii
1378 4447 1406 4499 et

175 4531 273 4598 Ovidii,
291 4531 319 4584 ni
338 4531 426 4599 fallor,
446 4533 603 4587 commovit.
624 4533 754 4587 Cetemm
772 4531 874 4598 uideas,
893 4548 963 4601 quae
981 4532 1109 4589 adhunc
1127 4531 1221 4586 locum
1239 4530 1405 4601 Kisslingius

173 4618 203 4671 in
221 4616 340 4672 editione
358 4619 466 4673 Horatii
483 4619 596 4688 profert.
