3008 5010
643 172 858 243 ..47-

133 384 191 469 ηαύ
219 405 312 466 carre
341 384 442 450 latens
470 383 599 450 dosta‘tio
628 386 726 450 cernit
755 405 813 450 oro
842 405 956 449 οαααοι
984 384 1148 467 Icadionque
1177 383 1271 449 cadet
1293 381 1370 449 dure

135 508 267 570 corpore
299 491 411 566 motas,
446 505 529 569 quae
562 506 657 568 quam
691 488 804 568 pulcra
837 488 880 552 sit
911 488 1026 567 imago,
1061 506 1157 569 quam
1187 487 1228 553 ad
1257 505 1369 552 verum

133 608 298 672 expressa,
322 607 415 655 nemo
439 590 500 654 nisi
524 595 660 654 venator
681 591 801 655 sentire
824 595 942 671 potest,
966 591 1020 670 qui
1042 589 1185 671 leporem
1201 592 1246 656 sic
1263 591 1369 656 iacen-

132 701 200 760 tem
241 692 439 774 supervenit.
495 690 591 757 Canis
637 693 802 757 venaticus
839 692 925 757 feras
963 692 1160 773 investigans
1198 700 1247 759 est
1284 694 1369 774 apud

131 796 305 862 Horatium
327 794 419 875 epod.
446 791 496 861 12.
528 793 558 858 6.
588 815 724 876 auraque
745 796 895 877 εαραοίαε
916 816 1000 859 arcus
1022 794 1146 875 odoror,
1164 796 1305 878 polypos
1327 816 1370 860 οιι

130 900 242 984 orceis
263 897 397 963 hirsutis
424 897 512 962 cubet
541 896 649 962 aarum
671 899 706 961 ι’νι
737 898 808 978 otis,
838 920 934 981 ηααιιι
967 899 1057 962 cortis
1085 917 1166 977 σοον,
1198 899 1254 964 oet
1275 900 1371 964 totcot

135 1023 192 1069 aas
213 1007 248 1067 et
270 1000 356 1082 apud
379 1000 530 1065 Ovidium
552 999 637 1066 trist.
662 1000 700 1067 V.
721 1001 751 1067 9.
767 999 818 1065 27.
842 1007 936 1083 umato
959 1021 1066 1066 οσαεαι
1081 999 1222 1082 pavidae
1242 1006 1370 1066 auctam-

138 1106 396 1189 aestimaremur
419 1103 586 1168 locantem
614 1104 739 1186 frustra
770 1104 884 1186 copulo
914 1105 999 1171 duro
1019 1110 1106 1169 tenet.
1152 1103 1271 1169 Canem
1293 1123 1370 1169 vero

140 1213 214 1291 post
234 1207 412 1273 venationis
446 1207 571 1271 labores
602 1206 820 1287 quiescentem
852 1226 914 1272 non
943 1209 1004 1273 nisi
1026 1208 1058 1272 In
1081 1206 1369 1273 Alexandrinorum

142 1310 335 1376 carminibus
357 1309 484 1374 inveni:
509 1307 633 1374 Gallim.
657 1309 690 1372 in
713 1309 783 1375 Del.
807 1309 870 1374 228

378 1398 398 1487 ἦ
417 1408 466 1467 καὶ
485 1405 543 1468 ὑπὸ
564 1407 703 1488 χρύσειον
723 1404 859 1469 tudano»
879 1400 926 1481 ἷζε
946 1411 1025 1469 κύων
1045 1405 1086 1484 ὥς

380 1503 564 1587 Ἀρτέμιδος,
586 1505 646 1589 ἥτις
668 1532 710 1583 τε,
731 1512 809 1589 θοῆς
828 1506 877 1570 ὅτε
899 1511 1044 1571 παύσεται
1064 1507 1166 1591 ἄγρης,

377 1609 436 1684 ἵζει
456 1613 623 1693 θηρήτειρα
644 1611 705 1691 παῤ
726 1607 849 1691 ἴχνεσιν,
870 1607 963 1672 ούατα
984 1612 1011 1671 δ’
1033 1614 1126 1693 αὐτῆς

380 1713 463 1794 ὀρθαὶ
483 1715 565 1791 μάλ’,
586 1712 650 1774 αἰὲν
669 1709 776 1792 ἑτοῖμα
797 1716 872 1795 θεῆς
892 1710 1063 1794 ὑποδέχθαι
1083 1715 1223 1796 ὁμοκλήν.

133 1830 179 1903 et,
204 1823 307 1902 magIs
330 1821 371 1886 ad
393 1822 559 1903 popularis
582 1823 738 1887 sermonis
762 1827 795 1887 et
817 1841 920 1903 paene
944 1823 985 1888 ad
1000 1823 1163 1905 proverbii
1179 1824 1308 1888 modum
1331 1830 1367 1889 ut

133 1943 289 2008 expressa
317 1924 487 1989 videantur
517 1925 625 2004 verba,
655 1927 687 1990 in
714 1926 884 1991 subditicio
907 1927 962 1992 illo
989 1929 1130 1992 carmine
1163 1926 1367 2004 Theocriteo‚

132 2031 227 2103 οἶλιεῖς
246 2027 332 2110 quod
355 2027 550 2104 inscribitur,
574 2047 603 2091 v.
626 2028 678 2092 44.
707 2033 756 2091 καὶ
785 2034 842 2111 γαρ
874 2031 906 2091 ἐν
935 2029 1035 2105 ύντνοις
1064 2039 1146 2094 πᾶσα
1175 2035 1254 2094 κύων
1280 2029 1371 2112 ἄρτον

133 2135 323 2214 μαντεύεται,
343 2129 442 2213 istro
462 2134 569 2214 κήμύν.
621 2129 864 2211 Subsequantur
896 2134 1152 2212 comparationes
1185 2133 1252 2210 has,
1287 2151 1370 2213 quae

134 2235 338 2300 venationem
372 2238 529 2314 spectant,
563 2252 630 2314 eae,
667 2252 749 2316 quae
784 2234 823 2299 de
857 2233 935 2299 ieris
969 2241 1085 2314 agunt,
1119 2233 1233 2315 quibus
1267 2235 1367 2298 catuli

135 2338 240 2419 erepti
275 2342 359 2404 sunt.
412 2335 604 2401 Communes
637 2356 708 2402 esse
742 2337 921 2402 credendae
952 2343 1036 2418 sunt,
1072 2356 1153 2418 cum,
1188 2355 1271 2418 quae
1305 2338 1365 2402 huc

135 2459 212 2506 sane
248 2437 419 2504 referenda
452 2444 502 2504 est
536 2439 594 2507 Ov.
627 2445 701 2504 met.
737 2439 827 2504 XIII.
851 2441 923 2508 803.
956 2444 1022 2523 teto
1055 2441 1259 2506 truculentior
1291 2460 1370 2505 uaso

135 2545 233 2608 etiam
268 2543 301 2606 in
335 2546 445 2606 vetere
479 2548 673 2608 testamento
709 2543 829 2624 legitur
863 2543 1017 2610 Proverb.
1054 2547 1103 2612 17.
1139 2546 1168 2611 7.
1213 2543 1304 2621 Quod
1337 2545 1370 2609 in

136 2646 282 2728 Priapeis
306 2652 355 2710 est
378 2645 430 2712 46.
454 2647 762 2729 domnamaria
792 2647 852 2713 huc
883 2667 947 2713 non
976 2649 1150 2730 pertinere,
1182 2649 1369 2729 insequente

135 2750 328 2832 pausatque
358 2749 437 2814 satis
465 2749 766 2835 demonstraturffi)
812 2752 879 2815 Imo
903 2751 989 2816 idem
1012 2751 1091 2816 dicit
1113 2751 1152 2816 de
1176 2769 1261 2829 urso,
1284 2751 1370 2833 quod

141 2850 181 2915 de
202 2851 310 2917 echino
333 2857 368 2917 et
390 2870 469 2933 apro
494 2853 649 2918 Horatius
672 2854 764 2934 epod.
789 2855 818 2920 5.
835 2854 886 2920 28.
912 2853 1017 2920 dmrct
1033 2854 1159 2934 capitiis
1173 2859 1209 2919 ot
1224 2856 1370 2918 ααιύααε

138 2956 259 3037 copodo
281 2955 409 3021 echinus
431 2961 487 3020 out
508 2970 747 3038 οαινεοεόμον.
786 2954 994 3036 Comparatio
1018 2956 1190 3020 HomerIca
1213 2956 1273 3021 huc
1296 2973 1370 3037 per·

135 3067 240 3133 tineus
263 3067 384 3147 legitur
413 3072 441 3130 E
458 3076 524 3134 318.
555 3073 650 3130 arnaud
670 3073 753 3148 μάλα
774 3072 931 3149 στενάχων
960 3067 1036 3130 ὥστε
1056 3071 1099 3143 λὶς
1119 3067 1264 3151 ἠϋγένειος
1285 3059 1309 3157 ᾧ
1331 3069 1369 3152 ῥά

136 3167 169 3224 θ’
195 3163 253 3228 sind
284 3167 431 3243 σκύμνους
460 3164 644 3245 ἐλαφηβόλος
675 3164 797 3249 ἁρπαση
830 3166 906 3245 α’νηρ
939 3161 1011 3244 ύλης
1039 3163 1071 3224 ἐκ
1098 3165 1271 3250 τιυκινῇς·ύ
1292 3162 1325 3226 δέ
1345 3172 1369 3226 τ’

133 3262 264 3346 ἄχνυται
292 3264 416 3347 ύστερος
445 3266 554 3339 ἐλθών,
585 3269 677 3327 ιιολλά
710 3264 742 3328 δέ
771 3273 795 3327 τ’
827 3264 898 3348 dyas?
929 3266 1047 3350 ἐπῆλθε
1083 3273 1149 3346 μετ’
1179 3264 1282 3349 αἰύρος
1309 3265 1372 3348 ἰ’χνί

134 3369 271 3452 ἐρευνῶν,
293 3368 320 3430 εἴ
340 3375 438 3432 ποθεν
458 3371 592 3451 ἐξεύροι·
605 3374 690 3451 μάλα
711 3373 769 3452 γαρ
797 3372 902 3452 δριμύς
928 3375 1016 3452 χόλος
1043 3370 1129 3454 αἱρεῖ.
1200 3369 1369 3447 Leaenanl,

136 3489 231 3552 quam
254 3469 352 3536 habet
375 3471 508 3536 Ovidius
531 3491 559 3538 a.
585 3491 645 3536 am.
669 3471 711 3539 II.
736 3470 808 3551 375,
839 3492 894 3536 nec
924 3473 973 3537 teo
995 3492 1065 3536 οαοι
1088 3473 1202 3537 rotatis
1225 3473 1370 3537 luctanti·

135 3571 194 3638 bas
222 3573 320 3638 abaco
342 3574 475 3655 praedat
504 3575 586 3658 (tom
614 3596 709 3640 rocoa
730 3577 765 3639 ιἰι
787 3577 839 3639 ico
861 3574 920 3660 est)
951 3576 1143 3640 clamantem
1166 3574 1245 3640 facit
1268 3575 1369 3639 Theo-

136 3677 236 3742 critus
260 3677 310 3742 26.
335 3679 386 3746 21.
427 3679 517 3743 ὅσσόν
537 3704 592 3761 περ
622 3681 742 3755 τοκάδος
769 3679 886 3743 τελέθει
911 3684 1037 3762 μύκημα
1067 3679 1183 3755 λέαινας
1220 3684 1371 3758 raptores

135 3779 235 3844 catuli
258 3781 468 3845 insectantem
493 3780 625 3846 Ovidius
648 3789 715 3846 met
737 3782 823 3846 XIII.
848 3781 921 3849 547.
951 3786 1045 3864 utque
1063 3781 1152 3863 furit
1181 3780 1283 3847 catulo
1306 3781 1369 3845 toc-

134 3887 213 3947 teate
236 3883 347 3948 orbata
369 3883 476 3948 lacerto
498 3884 648 3966 εύρααηαο
669 3889 762 3949 ιιαολα
778 3885 896 3965 pedum
919 3885 1060 3967 sequam-
1082 3905 1171 3967 ηαοοι
1195 3903 1258 3948 aon
1279 3884 1369 3964 υύιλεί,

135 3984 262 4051 hostem.

239 4091 424 4156 Proximum
447 4092 520 4168 erit,
544 4097 580 4155 ut
603 4092 731 4172 longam
753 4092 842 4156 illam
865 4092 1170 4157 seriemtractemus
1193 4090 1370 4156 bestiarum

136 4192 223 4258 inter
254 4213 288 4259 se
321 4192 507 4263 furentium.
553 4196 692 4260 Leonem
724 4194 864 4259 clamore
898 4195 1040 4259 hinnulei
1074 4193 1184 4259 audito
1216 4195 1370 4275 praedam

136 4316 342 4323 -—-......-—.

239 4362 272 4431 ⁰¹)
290 4364 459 4434 singularem
476 4367 505 4420 in
532 4367 647 4420 modum
666 4364 875 4420 multitudinem
902 4364 1022 4418 erinium
1054 4366 1082 4418 in
1109 4365 1257 4436 imaginem
1286 4365 1371 4418 uertit

135 4451 219 4517 poeta
237 4449 353 4504 danious
371 4451 538 4522 (Grundtrig
555 4452 579 4506 3.
598 4452 667 4522 162).

341 4535 355 4589 1
373 4538 447 4603 sigar
463 4537 569 4592 danake
587 4538 761 4607 dronningon
779 4553 827 4591 saa
845 4553 964 4606 mongon
982 4537 1049 4592 ondt
1066 4554 1122 4603 aar,

344 4638 405 4676 som
422 4623 517 4679 lindam
534 4624 601 4679 beer
618 4623 665 4679 Ιὸτ
683 4640 718 4695 og
735 4623 839 4678 hiuden
856 4623 923 4679 boor
940 4623 1017 4681 haar.
