3008 5010
694 169 887 230 ..7..

174 373 390 454 orationisque
417 377 552 436 tumore.
598 373 711 454 ltaque
742 371 911 436 dnmmodo
942 371 1115 451 inveniant,
1148 390 1243 453 quem
1274 372 1406 453 ineptiis

174 477 239 540 suis
264 475 429 554 „adsonat
449 495 658 556 perparcum,
692 475 752 538 late
783 475 838 555 qni
866 474 1017 554 splendet,
1044 474 1221 554 prenniam‘ss
1256 492 1331 538 num
1365 475 1405 539 ad

174 597 241 643 rem
264 583 341 660 apta
374 579 418 643 sit
450 579 566 660 imago,
601 597 664 644 non
694 579 873 659 requirunt.
918 578 1095 642 Praeterea
1127 576 1346 643 foedissimum
1372 579 1405 642 iu

173 683 298 746 modum
348 682 605 762 comparationes
653 682 827 761 cumulant,
873 680 958 762 quod
1002 681 1071 745 iure
1117 682 1255 762 castigat
1300 681 1330 746 J.
1369 680 1403 747 Ο.

171 785 386 867 Errrestirrs.³)
433 785 495 849 Sed
518 785 602 866 quod
626 785 804 866 exemplum
820 784 914 849 huius
937 784 1074 848 luxuriei
1096 783 1221 864 profert
1245 785 1301 850 Ov.
1326 791 1402 853 met.

171 888 256 953 XIII.
282 889 463 969 rue-807,
487 906 597 952 errare
632 888 709 952 mihi
740 889 865 952 uidetur
894 887 944 952 uir
974 888 1094 954 doctus.
1140 888 1201 952 Vix
1224 882 1404 954 enim'cen·

170 992 303 1056 tendere
326 991 430 1063 velim,
456 991 613 1068 Ovidium,
635 995 764 1071 poetam
794 991 978 1072 ceteroquin
1007 1009 1086 1071 prae
1117 991 1233 1055 ceteris
1261 991 1403 1072 lepidum

172 1101 238 1158 tam
260 1093 416 1159 insulsum
439 1093 498 1157 hoc
520 1093 589 1157 loco
618 1111 652 1157 se
674 1093 871 1174 praebuisse,
906 1098 943 1158 ut
965 1094 996 1156 iu
1020 1094 1092 1174 ipsa
1122 1094 1235 1158 rustici
1259 1093 1404 1176 Cyclopis

172 1198 324 1276 oratione,
350 1201 386 1260 ut
402 1193 576 1260 'Ernestins
600 1195 677 1272 vult,
701 1193 998 1260 artificiosissimum
1031 1214 1108 1260 suae
1131 1196 1213 1261 artis
1234 1202 1403 1278 praestare

171 1319 250 1380 opus
273 1299 449 1363 studuerit:
482 1298 545 1363 imo
575 1297 784 1362 Philoxenum
817 1297 994 1382 aliosquel)
1030 1302 1159 1363 secutus
1196 1298 1301 1379 lepido
1335 1299 1402 1364 sale

169 1402 359 1483 perstrinxit
403 1401 568 1481 gigantem
621 1402 731 1481 inepte
781 1401 958 1466 inconditos
1012 1419 1125 1466 versus
1173 1399 1400 1482 proferentem.

169 1504 325 1569 Hodiorui
348 1509 464 1584 poetae
487 1503 625 1584 ineptias
649 1503 835 1584 Polyphemi
858 1504 1050 1568 extollerent
1082 1510 1115 1567 et
1138 1504 1246 1568 verbis
1269 1520 1402 1585 exaspe-

169 1612 290 1684 rarent,
314 1590 508 1687 abantiquo
532 1611 629 1685 poeta
657 1606 690 1669 id
712 1606 850 1670 alienum
873 1611 945 1671 erat
974 1624 1097 1670 —nec
1127 1606 1231 1670 uulnus
1263 1607 1402 1671 alienum

170 1709 209 1774 ab
240 1710 380 1791 antiquis
409 1709 582 1773 lectoribus
615 1745 657 1754 -
690 1710 744 1791 qui
774 1708 968 1775 satisfecisse
1002 1709 1062 1774 sibi
1096 1710 1166 1774 iure
1197 1711 1333 1791 putavit,
1366 1729 1402 1774 re

168 1813 284 1878 leviter
300 1813 522 1878 tantummodo
538 1812 736 1877 adumbrata.
775 1812 834 1877 Isti
850 1831 927 1877 vero
943 1812 1058 1877 Ouidio
1073 1812 1269 1893 posteriores
1285 1818 1401 1894 poetae

168 1935 231 1980 non
254 1916 355 1981 solum
380 1915 448 1981 sine
477 1917 602 1980 ratione
635 1915 879 1980 cumulaverunt
908 1916 1074 1996 imagines,
1105 1915 1161 1980 sed
1191 1917 1289 1981 etiam
1321 1914 1402 1981 falso

169 2019 392 2096 adhibuerunt,
428 2023 461 2083 et
493 2019 526 2082 iu
556 2018 615 2083 hac
637 2019 709 2099 ipsa
738 2037 773 2082 re
807 2018 887 2083 adeo
922 2018 1090 2083 inferiores
1125 2037 1159 2082 se
1181 2018 1401 2099 praebuerunt

168 2120 314 2186 melioris'
337 2122 407 2186 aevi
430 2121 544 2202 poetis
568 2126 605 2185 ut
626 2139 690 2185 urna
713 2139 784 2185 cum
811 2121 850 2185 iis
872 2121 999 2185 omuino
1022 2123 1158 2186 tractari
1181 2139 1243 2184 rron
1266 2122 1400 2202 possint.

167 2225 258 2289 Licet
281 2226 374 2304 enim,
391 2225 507 2301 omnia,
531 2229 705 2305 quaesunt
726 2225 759 2288 in
775 2225 903 2301 mundo,
920 2225 1057 2305 apoetis
1081 2225 1114 2287 in
1136 2225 1294 2304 imagines
1316 2225 1400 2288 verti

168 2328 301 2408 possint,
325 2333 432 2392 tamen
455 2327 548 2391 facile
571 2327 782 2408 intellegitur,
806 2346 869 2392 uon
899 2328 945 2391 ita
967 2325 1049 2391 bene
1071 2327 1178 2392 omnia
1209 2327 1248 2390 ad
1272 2328 1401 2408 quasvis

168 2449 221 2495 res
250 2430 457 2495 illustrandas
488 2429 644 2508 adhiberi,
674 2430 729 2494 sed
760 2429 855 2494 alteri
890 2434 1102 2494 consentanea
1131 2447 1210 2507 esse,
1245 2447 1399 2510 respuere

167 2535 312 2599 alteram.
359 2532 450 2609 Quod
465 2533 594 2614 epigoni
611 2535 739 2614 penitus
755 2533 974 2614 neglexerunt.
1011 2532 1173 2610 Quantum
1188 2532 1238 2597 his
1253 2538 1400 2614 praestat

166 2638 302 2719 Vergilii
325 2655 388 2717 ars,
413 2637 522 2719 quiin
546 2636 740 2718 imaginihus
770 2636 924 2716 eligendis
946 2640 1038 2700 tanta
1069 2641 1140 2700 erat
1163 2636 1339 2716 diligentia,
1363 2641 1400 2700 ut

166 2760 228 2805 nou
251 2741 354 2805 solum
377 2740 520 2820 singulas
543 2745 637 2820 aptas
659 2745 804 2821 poneret,
836 2739 892 2804 sed
922 2739 1020 2803 etiam
1042 2757 1102 2819 pre
1132 2756 1251 2819 genere
1274 2739 1399 2820 poetico

167 2843 327 2924 simplices
367 2848 541 2925 usurparet
575 2843 607 2906 in
642 2842 760 2922 eclogis
792 2860 850 2907 nec
887 2860 949 2906 non
983 2842 1015 2905 in
1049 2841 1224 2922 Georgicis,
1261 2842 1399 2922 grandes

166 2952 277 3011 contra
299 2948 332 3011 in
354 2946 511 3011 Aeneide!

268 3048 357 3125 Quae
384 3054 555 3131 postquam
584 3048 616 3113 in
648 3049 832 3112 universum
860 3048 1104 3128 disputavimus
1141 3048 1285 3128 singulas
1315 3066 1398 3114 nunc

165 3158 335 3233 poetarum
358 3152 572 3234 elegiacorum
596 3151 852 3232 comparationes
875 3150 1028 3216 adeamus
1050 3151 1245 3217 tractandas.
1280 3151 1323 3216 Et
1344 3152 1397 3216 vix

165 3254 219 3320 ubi
242 3274 377 3321 ancoras
400 3254 560 3334 solvimus,
584 3255 649 3318 iam
672 3253 820 3334 scopulus
844 3251 935 3318 nobis
957 3254 1112 3343 imminet,
1137 3272 1230 3335 quem
1246 3254 1392 3336 plerique

165 3377 284 3438 eorum,
316 3359 370 3440 qui
397 3357 532 3424 eundem
562 3375 691 3423 cursum
720 3361 903 3435 tennerunt,
935 3354 1104 3421 offendisse
1134 3357 1212 3420 mihi
1236 3357 1395 3422 videntur.

165 3461 339 3537 Quaeritur
368 3462 464 3540 enim,
495 3479 557 3542 quo
587 3459 680 3525 modo
711 3459 848 3524 materia
878 3460 921 3523 sit
950 3457 1179 3542 digerendam)
1230 3458 1320 3535 Quod
1350 3460 1397 3525 ita

266 3597 287 3666 8)
307 3597 554 3651 commentationes
572 3596 605 3649 de
624 3594 788 3649 elocutionis
801 3597 948 3664 poetarum
960 3594 1111 3648 latinorum
1123 3597 1249 3648 veterum
1266 3594 1391 3662 luxnxie,

164 3683 234 3738 acta.
253 3699 320 3736 sem.
339 3699 394 3752 reg.
412 3683 485 3751 Lips.
504 3682 538 3737 ΙΙ.

267 3766 289 3836 ⁹)
309 3767 456 3837 Cyclopem
473 3771 505 3821 ut
522 3766 668 3836 illepidum
685 3769 797 3836 poetam
812 3766 892 3820 Bioni
910 3766 1025 3835 opponit
1043 3767 1140 3819 auctor
1158 3765 1215 3834 epit
1232 3764 1334 3821 Bionis.
1353 3767 1394 3819 59.

162 3855 192 3904 οὗ
209 3852 254 3922 γάρ
271 3855 326 3903 ἴσον
343 3845 461 3903 Κύκλωπι
476 3853 598 3919 perculso·
617 3854 662 3904 τόν
678 3855 726 3920 μὲν
744 3854 842 3922 ἔφευγεν
865 3851 958 3901 dauid
979 3852 1105 3913 Γαλάτεια,
1124 3852 1150 3899 σὲ
1172 3849 1272 3901 ὃάἳδιον
1290 3852 1396 3916 ἔβλεπεν

162 3934 246 4005 ἅλμας.
266 3939 346 3993 aliter
363 3955 429 3992 vero
446 3941 545 3994 auctor
557 3938 728 4008 epithalamii
740 3937 863 4006 Achillis,
877 3939 1006 4006 quintum
1018 3937 1157 3991 decimum
1170 3937 1264 3990 Bionis
1282 3955 1395 3992 carmen

164 4025 239 4091 quod
255 4024 326 4079 falso
345 4025 499 4080 ferebatur:
525 4026 567 4089 λῇς
584 4018 616 4074 νύ
633 4029 661 4074 τί
675 4045 725 4091 μοι,
744 4024 853 4085 Λυκίδα,
872 4022 976 4073 Σικελὸν
998 4023 1071 4088 μέλος
1089 4015 1135 4071 c‘r'd'u
1151 4023 1271 4090 λιγαίνειν,
1290 4022 1394 4092 ἱμερόεν,

162 4111 329 4179 γλυκύθυμον,
348 4112 469 4181 ἐρωτικόν,
488 4105 541 4162 οἷον
559 4110 572 4161 ὃ
590 4111 702 4178 Κύκλωψ
719 4109 798 4160 ἄεισεν
816 4109 968 4176 Πολύφαμας
986 4108 1026 4159 ἐπ’
1043 4108 1097 4173 pta
1116 4109 1149 4178 τᾷ
1169 4110 1301 4178 Γαλατείας

266 4199 296 4269 ¹⁰)
313 4199 346 4253 In
364 4216 420 4266 qua
443 4216 472 4252 re
498 4199 625 4266 quotiens
650 4200 776 4251 erratum
799 4197 843 4263 sit,
868 4196 914 4249 hic
932 4213 1096 4250 enumerare
1122 4212 1216 4250 meum
1244 4213 1299 4250 non
1317 4200 1393 4266 puto,

162 4284 237 4352 quod
255 4287 349 4339 autem
367 4285 398 4338 G.
418 4285 446 4338 F.
466 4285 497 4338 H.
518 4285 628 4338 Coenen
653 4282 862 4350 dissertationis,
895 4298 978 4348 quam
1003 4282 1114 4352 scripsit
1140 4283 1188 4351 „de
1208 4285 1391 4352 comparatio-

161 4371 243 4425 nibus
262 4373 290 4424 et
307 4371 478 4440 metaphoris
497 4370 571 4440 apud
583 4371 690 4424 Atticos
708 4369 874 4439 praesertim
898 4371 1009 4438 poetas“
1030 4371 1100 4424 Trai.
1119 4370 1187 4424 1875
1204 4371 1301 4436 quinta
1313 4372 1392 4440 parte

161 4457 219 4526 agit
236 4456 270 4510 de
288 4456 384 4526 figuris
405 4473 490 4524 „quae
508 4457 544 4510 ad
562 4459 671 4511 certum
689 4472 775 4526 genus
788 4456 886 4509 referri
899 4472 955 4509 non
972 4460 1098 4526 possunt,
1121 4459 1268 4510 nectamen
1291 4457 1320 4510 in
1339 4454 1391 4509 hac

161 4542 354 4596 dissertatione
380 4542 482 4612 negligi
499 4543 642 4612 poterantf
663 4558 728 4598 cum
746 4541 875 4597 omnibus
895 4541 1036 4597 doctrinae
1058 4541 1215 4617 praeceptis
1232 4541 1391 4599 foedissime

161 4627 231 4685 mihi
249 4628 407 4699 discrepare
425 4628 544 4685 ridetur.
