3008 5010
717 185 931 257 ‚apg-a

415 404 642 482 raouuruusquc
655 399 748 481 sucas
771 398 856 474 caeli,
879 395 1010 462 sublime
1032 395 1178 470 voluutas,

416 521 517 566 uacuare
538 501 623 565 uides
645 501 753 583 leupus
766 500 977 581 fluuuuuruua
1000 499 1109 563 ducere
1130 500 1257 573 tructus,

416 606 450 669 iu
472 625 552 687 quas
574 625 692 687 curaque
714 603 797 668 dedu
812 608 923 685 partes
945 607 1062 666 uuuuua
1084 605 1227 676 uuuuu,

417 728 480 772 riou
502 708 611 774 cudere
633 708 667 772 iu
688 713 807 772 turum
828 706 934 772 stelias
956 710 983 770 et
1005 705 1111 769 sideru
1133 701 1260 768 cerrus?

213 829 269 895 sed
291 829 351 893 hoc
380 847 420 892 ne
447 829 477 893 ei
509 828 686 905 credamus,
716 847 755 893 ea
784 846 820 893 re
850 826 999 904 efficitur,
1031 825 1115 908 quod
1137 830 1251 904 aperte
1275 823 1380 888 varias
1404 818 1446 886 de

213 933 401 998 traiectione
428 931 596 997 stellarum
610 936 726 1013 poetae
750 931 925 996 sententias
940 934 1128 1012 seqrruntur.
1166 926 1334 992 Lucretius
1350 926 1447 1004 enirn,

214 1038 274 1102 nisi
305 1035 503 1113 credidisset,
538 1035 648 1100 stellas
678 1053 793 1100 revera
825 1035 947 1113 cadere,
987 1049 1143 1115 quaerere
1172 1049 1235 1096 non
1266 1030 1446 1111 potuisset:

213 1161 275 1204 αατ
304 1140 413 1204 cudere
445 1139 480 1202 iu
509 1144 626 1203 terrum
654 1138 760 1202 stultus·
788 1143 816 1202 ct
845 1137 951 1202 sideru
979 1136 1105 1200 caruis?
1157 1133 1304 1199 Ovidium
1337 1138 1448 1198 autem

106 1304 109 1309 .
214 1262 276 1308 non
299 1244 346 1308 ita
368 1242 505 1307 sensisse
528 1241 627 1306 verba
650 1242 764 1305 docent
792 1240 849 1303 atsi
879 1260 941 1304 uou
963 1239 1077 1316 occidit,
1102 1237 1206 1318 potuit
1236 1236 1379 1302 cecidisse
1400 1236 1449 1298 α’-

214 1346 291 1411 deri.
314 1345 364 1409 Ad
387 1345 624 1410 multitudinem
646 1342 886 1426 significandam
911 1345 973 1408 ianr
996 1343 1223 1408 uetustissimis
1246 1341 1449 1422 temporibus

214 1449 358 1514 homines
388 1465 555 1512 uuurerum
592 1447 760 1512 stellarum
791 1447 947 1527 imagines
982 1446 1050 1510 loco
1082 1443 1305 1509 adhibuerunt.
1353 1443 1450 1524 Apud

215 1550 355 1616 Graecos
383 1549 463 1614 hanc
493 1550 666 1630 imaginem
695 1551 758 1614 iam
788 1549 913 1630 pridem
944 1549 978 1612 in
1006 1546 1213 1629 proverbium
1237 1546 1351 1626 abisse,
1382 1565 1448 1610 non

216 1660 283 1719 tam
305 1653 399 1718 docet
424 1657 452 1718 Θ
475 1653 548 1730 555,
572 1652 659 1718 locus
682 1671 779 1733 supra
803 1671 822 1715 a
845 1670 894 1716 rura
917 1651 1044 1732 allatus,
1069 1669 1164 1733 quam
1187 1668 1269 1731 quae
1291 1649 1448 1728 leguntur

216 1758 249 1821 in
270 1756 413 1822 Platonis
440 1755 642 1838 Eutllyllemo
674 1756 748 1822 294.
771 1755 807 1820 Β.
840 1751 862 1838 ἦ
891 1757 939 1817 καὶ
968 1752 1181 1838 νέυρορραφεῖν
1207 1755 1324 1816 δυνατώ
1345 1752 1452 1829 aaron

216 1856 264 1916 uui
284 1856 332 1916 ναὶ
350 1857 397 1934 μοὶ
418 1852 481 1914 Δία
507 1847 738 1934 succussatura.
759 1844 779 1932 ἦ
799 1853 847 1912 καὶ
874 1853 1062 1925 τὰτοιαῦτα,
1088 1853 1157 1925 τούς
1177 1847 1313 1932 αἰστέρας,
1342 1849 1447 1914 ὁπόσα

217 1964 282 2040 εἰσί,
301 1966 350 2026 καὶ
369 1967 425 2046 τήν
444 1960 565 2044 deppam
598 1960 810 2027 Callimachus
843 1961 873 2024 h.
908 1960 1012 2024 iDel.
1045 1961 1107 2026 175
1127 1963 1284 2045 ἰσάριθμον
1311 1961 1449 2043 τείρεσιν,

217 2065 304 2149 ἡνίκα
323 2070 449 2129 πλεῖστα
462 2073 525 2128 κατ’
547 2063 621 2148 ἠέρα
633 2062 836 2146 βουκολέοντα
851 2062 949 2127 verbo
963 2068 1175 2145 βσνκσλεῖσθαν
1190 2080 1306 2128 novam
1320 2062 1451 2127 induxit

217 2167 390 2249 imaginem
413 2173 447 2232 et
469 2171 620 2232 enatura
642 2185 701 2232 sua
715 2163 971 2232 artificiosicrem
994 2165 1136 2230 reddidit
1151 2167 1330 2230 orationem
1353 2164 1449 2229 sicuti

218 2269 418 2350 Theocritus,
443 2270 528 2351 apud
551 2287 645 2351 quiem
668 2273 718 2334 est
740 2270 791 2337 30.
815 2270 866 2334 27.

680 2379 757 2458 ὅττις
776 2381 890 2464 daupu
908 2386 961 2445 τὸν
987 2384 1195 2463 δολομάχανον

477 2489 603 2548 νικάσειν
615 2483 712 2567 Ἔρον,
732 2476 817 2562 οὗτος
842 2486 955 2567 δοκίμω
974 2488 1043 2561 τούς
1061 2482 1137 2568 ὓπερ
1163 2480 1292 2566 ἄμμεαν

477 2590 574 2670 εὑρεῖν
593 2588 734 2671 suediae
754 2587 881 2671 σίστέρας
900 2590 1083 2654 ὁντττοσσάκιν
1102 2586 1197 2663 ἔννεα,

220 2715 301 2783 iure
323 2716 359 2780 Α.
383 2714 565 2797 Riesius²⁸)
589 2716 621 2780 iu
644 2716 785 2781 editione
813 2717 988 2781 carminum
1011 2715 1129 2781 Catulli
1157 2716 1244 2795 dicit,
1276 2714 1455 2795 simplicius

222 2825 255 2884 et
277 2818 474 2900 ingeniosius
505 2818 638 2884 eandem
669 2820 841 2901 imaginem
871 2819 1039 2884 aCatullo
1069 2836 1140 2884 esse
1170 2817 1345 2883 adhibitam
1369 2817 1397 2880 7.
1422 2817 1453 2883 4.

222 2943 317 3005 quum
339 2921 446 2986 sidau
467 2921 575 3000 multu,
598 2942 668 2986 curu
689 2927 766 2987 tacet
779 2942 851 3001 arou,
865 2921 1008 3005 furtivos
1023 2922 1183 2986 domiuum
1197 2921 1300 2985 uideat
1322 2939 1454 2985 strueres.

222 3025 329 3090 Etiam
352 3025 385 3087 in
408 3023 613 3105 epithalamio
637 3025 770 3091 eandem
793 3024 1033 3090 similitudinem
1058 3023 1203 3089 adhibuit
1226 3024 1276 3089 61.
1300 3023 1372 3091 203.

530 3144 727 3227 siderumque
748 3143 929 3210 micantium

531 3245 684 3311 subducat
704 3268 869 3312 numerum
884 3248 989 3328 prius,

532 3349 586 3431 qui
602 3350 702 3414 ursui
721 3370 888 3415 uumerure
909 3349 975 3413 uult

533 3453 631 3518 uultu
652 3453 742 3518 utilia
764 3453 840 3518 ludi.

228 3621 232 3625 .
235 3619 412 3626 *mm--..-
415 3619 430 3624 -

328 3675 361 3742 ²⁸)
379 3672 467 3726 Aliter
485 3673 575 3726 risum
593 3676 635 3726 est
661 3673 689 3727 C.
708 3673 737 3726 P.
757 3671 886 3728 Schulzio
914 3673 959 3743 (de
987 3672 1096 3727 Catullo
1121 3672 1290 3728 Graecorum
1317 3673 1454 3727 imitatore

224 3758 721 3828 dissien.1871.)quisuspioatur,
744 3758 798 3812 hoc
816 3775 939 3812 carmem
967 3759 1039 3812 iuter
1065 3776 1097 3813 ea
1124 3759 1283 3814 habendum
1306 3776 1367 3813 esse
1386 3772 1452 3827 puae

226 3850 267 3901 tot
292 3851 318 3900 et
344 3851 399 3900 tura
425 3845 505 3899 certis
522 3844 682 3899 irritationis
711 3845 832 3899 (ἔνασσαν
857 3846 977 3914 uestigiis
1004 3847 1142 3913 aureliani,
1178 3853 1258 3915 atqua
1284 3847 1325 3899 tto
1353 3845 1459 3899 Graeca

226 3931 391 3999 eueruplarr'a
408 3930 617 3997 spirantum
635 3931 726 3998 aliquo
744 3931 862 3984 carratae
888 3947 960 3984 arurae
987 3931 1126 4000 deperdtto
1155 3932 1290 3986 translatu
1319 3947 1375 3985 csso
1392 3929 1460 3984 aert-

226 4017 311 4070 sa'uale
327 4018 372 4071 ait.
406 4015 532 4083 Quorum
550 4016 579 4069 in
596 4033 744 4070 numerum
770 4016 950 4087 vestigiorum
968 4019 1053 4071 etiam
1079 4017 1314 4085 comparationem
1332 4019 1458 4070 nostram

228 4101 321 4155 refert.
356 4101 429 4169 Quid
447 4117 512 4156 uero
539 4103 572 4156 de
591 4119 624 4156 eo
642 4103 776 4170 dicamus,
803 4103 878 4171 quod
906 4103 1056 4169 contendit,
1084 4119 1197 4157 carmen
1226 4102 1363 4171 scriptum
1391 4117 1461 4166 esse,

227 4187 277 4242 ubi
288 4188 409 4255 primum
421 4194 505 4255 poeta
522 4187 649 4242 Lesbiam
673 4204 765 4243 auare
782 4191 899 4258 coeperat
925 4195 951 4244 et
972 4205 1063 4243 aarum
1080 4189 1155 4242 altura
1179 4188 1311 4255 ardorum,
1330 4204 1415 4255 quern
1432 4187 1462 4238 in

229 4274 258 4326 in
285 4272 384 4326 ceteris
412 4272 590 4341 carminibus,
617 4291 688 4341 quae
710 4274 824 4328 Lesbiae
857 4275 988 4328 cecinerit
1015 4273 1147 4341 Catullus,
1175 4273 1356 4340 admiremur,
1381 4274 1463 4340 pluria

229 4359 328 4413 obesse.
346 4359 406 4412 Hoc
424 4359 536 4413 omnino
556 4358 657 4414 laisum
676 4375 743 4428 esse,
761 4377 843 4414 nemo
861 4376 917 4413 nou
936 4359 1017 4413 ridet.
1053 4359 1182 4414 Profecto
1206 4361 1291 4415 ardor
1307 4375 1364 4412 non
1381 4358 1463 4412 abest

229 4445 315 4498 immo
333 4444 471 4499 redundat
489 4447 517 4498 et
529 4444 680 4498 effunditur
698 4446 856 4512 ecarmine,
869 4444 944 4512 quod
955 4445 1035 4510 quasi
1052 4444 1126 4499 inter
1142 4445 1203 4514 ipsa
1220 4444 1317 4500 oscula
1335 4442 1463 4498 Catullus

230 4528 361 4597 condidit,
379 4533 438 4584 tam
455 4530 544 4596 riuus,
562 4533 621 4582 tam
639 4546 728 4597 uerus,
752 4535 784 4584 ut
802 4546 901 4584 caecus
928 4546 987 4584 essa
1006 4528 1113 4598 debeat,
1138 4532 1186 4598 qui
1203 4530 1257 4584 hoc
1276 4546 1389 4584 carmen
1407 4545 1464 4582 non

229 4615 375 4684 proprium
394 4614 502 4672 Catullo
521 4632 580 4668 esse
600 4615 681 4668 ridet.
