3008 5010
640 172 855 237 -25,

387 377 486 458 feruet
507 378 735 460 imuccususquc
757 378 823 440 ruit
839 375 1003 460 profundo

490 479 657 544 Pindarus
679 500 739 544 ore.

131 583 179 648 Id.
203 601 228 647 c.
252 583 305 647 IV.
324 583 374 647 14.
399 582 440 648 25
463 584 512 647 sic
534 583 733 665 tauriformis
755 583 890 647 uoluitur
911 581 1059 664 Aufidus,

463 686 518 766 qui
539 705 636 768 repra
659 683 773 748 Dareui
789 685 944 765 praefluit
964 683 1075 764 Apuli,

542 806 612 852 eum
633 788 733 852 saeuit
754 786 1003 870 horrendamque
1025 787 1117 852 cultis

542 889 690 954 diluviem
712 888 881 954 meditatur
903 892 1000 972 apris.

132 995 189 1059 Ov.
208 1013 272 1058 arn.
286 993 310 1057 Ι.
329 995 356 1058 7.
374 993 425 1058 43.
450 994 582 1076 denique
592 996 622 1058 si
633 995 747 1058 tumidi
757 997 823 1058 ritu
834 998 982 1059 torrentis
993 995 1122 1074 agebar.
1146 999 1220 1060 met.
1232 993 1287 1058 ΙΙΙ.
1301 992 1365 1057 568

285 1098 331 1160 sie
353 1115 407 1178 epo
430 1100 606 1176 torrentem,
630 1119 694 1178 pua
715 1098 763 1162 uil
785 1096 928 1162 obstabat
950 1099 1035 1162 euuti

288 1199 389 1263 leuibus
411 1202 439 1263 et
460 1198 581 1264 modico
603 1202 736 1282 strepitu
759 1200 1018 1278 dinumerabili,

289 1308 323 1366 ut
344 1321 528 1384 quacemquc
550 1301 655 1367 trabes
677 1302 894 1384 obstructaque
915 1323 997 1368 saca
1019 1303 1169 1384 monebunt,

286 1426 435 1486 spumeus
456 1410 486 1469 et
505 1406 629 1488 ferreus
651 1411 680 1469 et
701 1406 739 1470 ab
763 1406 846 1471 obice
867 1408 990 1471 saeuior
1012 1405 1086 1470 ibat.

132 1509 218 1572 Fast.
243 1508 283 1572 II.
307 1507 389 1572 219:
412 1527 477 1574 eece
499 1508 582 1573 uelut
603 1514 726 1573 terreus
747 1509 842 1573 urielis
858 1507 1056 1589 pluvialibus
1079 1514 1190 1573 nucleis

413 1616 469 1676 aut
490 1613 568 1690 uiue,
593 1632 672 1693 auae
694 1610 838 1693 Zepbpro
861 1613 943 1675 nicto
966 1615 1081 1691 tepente
1103 1613 1185 1691 tluit,

405 1736 468 1797 per
489 1720 562 1779 sata
577 1735 697 1797 perque
713 1716 783 1778 ‘uias
803 1716 907 1797 fertior
928 1732 992 1793 ricc,
1015 1719 1051 1778 ut
1072 1719 1143 1778 aule
1165 1713 1291 1792 solebat,

412 1819 560 1899 riparum
582 1817 708 1882 clausos
729 1819 872 1900 marpine
892 1820 965 1899 fluit
986 1839 1087 1901 apicas
1111 1872 1117 1885 .
1142 1868 1149 1881 .

133 1922 229 2001 Verg.
254 1922 310 1985 ecl.
344 1922 372 1985 7.
397 1922 448 1985 52.
478 1921 529 1986 bic
559 1925 680 1984 tardum
706 1919 831 1984 Boreae
863 1939 1011 1984 curamus
1050 1922 1183 2004 tmpore,
1216 1926 1367 2002 quondum

493 2079 498 2091 .
525 2051 540 2086 .·
556 2028 708 2088 torrentia
736 2024 873 2103 slumiuu
903 2025 1003 2105 ripas.

134 2126 212 2193 Aen.
237 2127 275 2191 H.
292 2126 365 2192 305.
390 2127 501 2207 (ueluti
524 2125 609 2207 curru)
632 2125 768 2208 rapidus
789 2131 936 2191 moutuuo
957 2128 1087 2205 flumine
1109 2133 1230 2191 torrens

390 2231 503 2294 steruit
524 2249 627 2312 apros,
651 2231 762 2293 sternit
784 2235 856 2292 sata
878 2229 961 2293 laetu
983 2229 1133 2311 boumque
1156 2229 1287 2307 labores,

384 2334 636 2414 praecipitesque
659 2331 757 2396 trabit
777 2332 892 2396 siloas:
915 2336 1018 2412 stupet
1038 2332 1157 2395 luscius
1180 2332 1243 2396 olto

392 2437 547 2518 occipoieus
569 2437 706 2500 souitum
727 2437 801 2499 saul
823 2435 860 2499 de
881 2437 994 2499 uertice
1009 2440 1131 2516 postor.

133 2539 209 2605 ibid.
232 2541 306 2604 496.
388 2561 450 2604 riou
471 2541 518 2603 sic
540 2539 707 2622 apperibus
728 2541 832 2620 ruptis
855 2557 925 2602 cum
946 2558 1095 2618 spumeus
1117 2539 1221 2602 artinis

392 2643 455 2706 euil
476 2642 698 2723 appositasque
719 2643 809 2705 euicit
827 2643 951 2725 purpite
972 2641 1076 2718 rooles,

388 2746 492 2828 fertur
513 2747 548 2808 in
570 2765 649 2815 arua
669 2745 781 2827 suroris
803 2745 926 2809 cumulo
949 2765 1131 2826 coumosque
1147 2765 1209 2825 per
1231 2764 1335 2809 orionus

392 2867 462 2911 oum
483 2847 617 2912 stabulis
641 2853 783 2911 urmmtn
798 2847 904 2912 trabit.

136 2949 211 3014 ibid.
237 2949 275 3014 X.
300 2949 372 3016 603.
393 2950 471 3015 talia
489 2971 549 3032 per
571 2971 698 3032 compos
719 2950 828 3015 edebat
846 2952 963 3032 lunera
985 2950 1093 3015 ductor

392 3052 592 3132 Dardanius,
617 3055 764 3141 torrentis
786 3073 887 3134 oqreac
908 3052 956 3116 ocl
978 3053 1115 3118 turbinis
1137 3055 1201 3117 atri

391 3177 477 3222 ruore
490 3157 617 3240 furens.

138 3258 213 3324 ibid.
237 3258 290 3324 XI.
315 3259 388 3324 297.
619 3280 673 3325 ceu
694 3281 774 3324 suaa
795 3265 961 3325 morautur

393 3382 463 3426 cerm
484 3364 615 3445 rapidos
638 3382 754 3441 omues,
776 3364 814 3445 fit
835 3363 941 3428 clauso
962 3365 1085 3447 purpitc
1106 3384 1251 3428 miormur

391 3467 572 3549 uiciumque
592 3468 732 3550 fremunt
752 3469 844 3548 ripae
865 3467 1090 3548 crepitantibus
1111 3466 1216 3531 uudis.

137 3566 280 3632 Grandia
309 3569 407 3632 etiam
438 3567 569 3635 fiumina
598 3571 676 3634 rivis
708 3570 818 3634 multis
848 3570 975 3634 tenuari
1006 3568 1138 3634 Ovidius
1169 3568 1267 3634 habet
1290 3586 1368 3636 rem.

136 3687 197 3734 ann
221 3669 286 3734 445
308 3675 343 3733 et
365 3689 480 3753 uquam
504 3672 543 3737 de
566 3671 695 3736 flumine
718 3677 900 3737 manantem
924 3673 956 3737 in
980 3690 1075 3752 agros
1099 3671 1173 3738 ibid.
1196 3671 1268 3738 617.

238 3771 390 3841 Imbres.
435 3774 545 3855 Umor,
581 3794 675 3856 quem
697 3775 861 3856 Vergilius
894 3774 1028 3855 respicit
1057 3773 1114 3840 ecl.
1146 3774 1175 3838 3.
1201 3774 1251 3838 82.
1283 3773 1372 3839 dulce

134 3878 216 3941 satis
237 3877 384 3943 uuerde
399 3879 560 3958 rigatione
575 3897 726 3958 agrorum
745 3878 972 3959 intelligendus
987 3882 1045 3957 est,
1063 3895 1134 3942 cum
1149 3876 1257 3958 paullo
1273 3881 1371 3942 autea

136 3979 175 4042 de
198 3980 300 4044 imbre
323 3980 443 4045 dixerit
457 3979 533 4048 ibid.
552 3982 595 4046 80
617 3982 714 4046 triste.
738 3983 875 4046 maturis
901 3980 1050 4065 srupibus
1071 3979 1195 4044 imbres.
1241 3979 1370 4044 Etenim

136 4099 298 4163 nunqnam
321 4084 354 4147 iu
376 4083 639 4149 similitudinibus
663 4083 781 4149 nostris
810 4083 890 4148 lenis
912 4083 1013 4165 pluvii
1035 4080 1073 4146 fit
1095 4082 1225 4161 mentio,
1239 4079 1279 4164 ³⁵)
1304 4101 1366 4164 qino

238 4270 274 4337 35)
293 4285 364 4335 quae
383 4268 468 4323 etiam
480 4272 560 4323 extra
572 4268 700 4338 exempla
717 4286 856 4336 nusquam
873 4269 1021 4324 invenitur.
1057 4270 1100 4324 Ne
1111 4267 1236 4323 Tibullus
1249 4268 1371 4336 quidem,

136 4353 184 4419 qui
202 4356 244 4406 est
261 4352 400 4421 plurimus
418 4355 447 4407 in
472 4355 581 4424 gaudiis
599 4355 711 4408 rusticis
734 4355 890 4424 pingendis,
918 4371 982 4408 eum
1001 4371 1133 4424 cognosse
1151 4354 1268 4410 videtur.
1296 4355 1316 4407 Ι.
1336 4355 1370 4407 47

135 4438 184 4492 ubi
203 4442 412 4508 commemorat,
432 4457 516 4508 quam
535 4439 615 4495 dulce
640 4441 684 4507 sit,
710 4441 799 4494 imbre
827 4441 942 4494 cadente
970 4440 1117 4510 consopiri,
1138 4439 1212 4507 quod
1233 4439 1367 4510 „gelidad'

136 4526 254 4579 seorsim
271 4526 363 4593 primo
381 4525 443 4580 loco
456 4526 610 4594 collocavit,
628 4529 773 4594 monstrat,
786 4543 843 4581 non
855 4530 914 4581 tam
933 4527 1053 4581 imbrem
1071 4543 1136 4582 eum
1154 4526 1272 4593 invasse,
1286 4541 1371 4592 quam

137 4610 189 4664 sub
209 4613 284 4665 tecto
305 4627 372 4678 esse,
392 4628 457 4666 cum
474 4612 565 4667 imber
582 4611 689 4682 gelidus
708 4611 796 4669 cadat.
