3008 5010
640 91 851 154 „22-

132 301 221 361 certe
244 314 306 360 non
328 297 496 360 immemor
527 314 636 361 earum
667 294 947 376 comparationem,
977 314 1056 377 quas
1078 293 1236 359 Homerus
1270 293 1381 359 habet

131 399 167 463 B.
193 398 264 466 144.
289 404 322 463 ct
345 397 385 465 H.
402 398 452 465 63.
497 399 606 463 Undas
628 399 870 464 subventurum
893 396 1074 462 flaminibus
1090 397 1232 461 variatas
1256 398 1376 463 auimo

132 501 278 566 mulieris
315 500 408 565 facile
445 501 591 566 mutabili
617 501 805 583 Propertius
842 501 1042 581 comparavit
1078 500 1118 566 II.
1157 499 1187 565 ὃ,
1222 500 1273 563 11.
1315 500 1376 582 (cf.

132 623 206 685 pag.
231 604 286 685 19)
310 605 552 686 exquisitionem
575 605 673 669 etiarn
696 605 729 668 in
757 604 817 668 hac
839 603 1048 668 similitudine
1072 607 1201 683 gustum
1225 609 1374 670 secutus,

132 707 223 772 Mare
246 725 381 788 surgens
404 712 455 772 est
476 708 562 788 apud
584 708 766 788 Vergilium
788 707 906 787 Georg.
930 706 986 771 III.
1011 704 1083 773 237.

277 809 397 890 fluctus
418 811 474 892 all,
497 809 592 891 coepit
613 810 713 875 medlo
736 831 806 874 ονννν
829 811 978 874 albescere
993 814 1100 890 parato,

287 912 410 994 lampius
432 933 475 976 ea·
492 912 614 995 altoque
635 912 741 976 ονααννν
762 911 859 976 trahil
880 917 973 994 alque
993 912 1117 976 polulus

288 1015 331 1079 acl
351 1020 454 1080 terras
475 1014 611 1079 ν’νννννναννο
633 1020 724 1079 sonat
739 1036 800 1096 par
821 1036 903 1078 suaa
923 1035 1020 1096 itaquo
1041 1014 1109 1095 apso

287 1122 388 1182 iacula
409 1117 512 1181 ναονον
527 1117 712 1199 procumbit,
737 1122 770 1180 at
790 1117 856 1181 ν’νννα
877 1122 1035 1182 exaestuat
1056 1117 1144 1181 arula

286 1219 450 1284 camoribus
471 1221 655 1304 alpramquc
678 1221 737 1286 alle
759 1220 907 1285 saabicclal
929 1241 1062 1284 arcuum

136 1324 189 1388 ubi
213 1322 389 1388 similitudo
411 1323 583 1388 intercedit
599 1342 669 1388 aum
685 1322 909 1388 Eratosthenis
932 1322 1114 1403 fragmento
1136 1340 1235 1404 supra
1257 1322 1375 1401 allato,

136 1431 169 1490 et
192 1424 320 1489 brevius
343 1425 421 1490 Aen.
445 1426 515 1493 vn.
538 1427 611 1494 528.

279 1527 399 1608 fluctus
420 1528 589 1610 alipilum
612 1529 707 1610 coepit
728 1549 798 1593 ανον
821 1529 970 1594 albescere
991 1534 1087 1607 aerata,

282 1631 455 1712 paullatim
476 1653 541 1696 sese
562 1631 640 1696 lollii
661 1653 748 1696 ονονο
769 1637 798 1696 ct
819 1632 914 1696 altius
936 1632 1040 1695 arrarlas

289 1735 387 1816 cripit,
410 1734 483 1798 a'aclc
504 1736 566 1798 ν’ννο
589 1736 748 1817 coasurpll
770 1737 813 1799 acl
835 1735 959 1800 uellera
973 1735 1090 1817 furtale.

136 1839 269 1903 Ovidius
292 1856 418 1920 quoque
440 1837 574 1903 eandem
601 1836 699 1902 habet
720 1840 903 1920 imaginem,
936 1839 992 1903 sed
1014 1839 1069 1918 ita,
1101 1844 1138 1902 ut
1166 1839 1269 1918 magis
1292 1842 1375 1927 nuni

136 1947 263 2022 tempus
300 1942 480 2022 respexisse
517 1942 675 2021 videatur,
713 1948 780 2008 met
815 1941 900 2006 XIV.
926 1943 996 2006 711.
1036 1940 1158 2005 emulor
1194 1941 1252 2006 illa
1280 1941 1374 2024 frelo

135 2049 278 2128 carpente
300 2045 480 2109 caderaibas
501 2044 618 2108 localis.
664 2044 783 2126 Imago,
819 2064 914 2127 quam
937 2044 1100 2125 Vergilius
1130 2042 1258 2108 exhibet
1288 2043 1372 2114 Aen.

136 2146 199 2212 XII
220 2145 293 2212 451.

290 2245 329 2319 air
350 2246 378 2305 δ’
396 2241 440 2308 ὅτ’
460 2247 519 2307 απὸ
541 2249 661 2326 σκοπιῆς
682 2237 761 2306 εἶδεν
780 2245 867 2326 νέφος
886 2245 1007 2319 αἰπόλος
1026 2245 1104 2324 ανὴρ

290 2348 455 2429 ἐρχόμενον
474 2350 549 2409 κατα
570 2351 678 2411 πόντον
697 2347 752 2409 ὑπὸ
775 2351 922 2430 Ζεφύροιο
941 2348 1022 2428 ἰωῆς·

290 2455 335 2536 τῷ
355 2450 388 2513 δέ
406 2453 434 2511 τ’
452 2447 584 2512 ἄνευθεν
603 2447 678 2512 ἔοντι
698 2452 881 2531 μελάντερον
900 2450 974 2531 ἠΰτε
993 2451 1085 2511 πίσσα

291 2553 404 2635 φαίνετ’
423 2554 469 2614 ἰὰν
488 2555 562 2615 aurai
583 2555 700 2615 πόντον·
721 2550 785 2633 ἄγει
806 2553 838 2616 δέ
858 2576 891 2614 τε
910 2552 1038 2614 λαίλαπα
1059 2556 1178 2634 πολλήν.

139 2662 195 2727 sed
218 2663 295 2727 Aen.
320 2662 374 2726 III.
398 2661 557 2727 624—28.

344 2765 448 2847 qualis
470 2765 525 2830 ubl
547 2766 667 2830 allcruo
684 2784 880 2846 procurrens
900 2766 1023 2847 palpale
1039 2770 1159 2846 pontus

344 2888 427 2932 nuuc
449 2870 515 2933 call
536 2867 580 2932 acl
601 2873 720 2933 terram
740 2868 944 2950 scopulosque
965 2869 1138 2948 superiacit
1158 2867 1246 2931 arada

343 2991 491 3052 οοανννοαε
513 2977 743 3054 eatrcmamqac
764 2972 838 3036 siau
854 2970 1024 3054 pcrfuaclil
1045 2991 1184 3051 ονοννονν,

343 3094 426 3138 tarrac
447 3075 582 3155 rapidus
603 3079 687 3140 retro
710 3081 801 3156 atque
823 3080 911 3139 acala
932 3075 1074 3140 revoluta
1094 3075 1257 3140 resorbeas

344 3197 427 3242 suaa
446 3177 531 3260 ἴαμα
553 3177 688 3259 lllusqae
709 3178 790 3243 caclo
813 3177 932 3243 labente
952 3176 1112 3261 relinquit.

139 3298 201 3344 non
239 3279 300 3344 huc
337 3278 508 3343 revocandi
545 3284 629 3359 snut,
668 3280 724 3344 sed
753 3299 915 3346 accessum
952 3286 986 3346 et
1018 3299 1181 3347 recessum
1216 3280 1371 3345 fluctuum

139 3388 287 3464 spectant
323 3382 526 3451 cotidianum.
585 3383 695 3448 Undas
732 3384 830 3450 maris
877 3390 951 3465 post
986 3385 1161 3466 procellam
1197 3384 1300 3449 lenius
1337 3384 1370 3447 in

140 3504 272 3551 arenam
302 3486 452 3550 cadentes
480 3486 578 3552 habet
598 3487 694 3568 Prop.
718 3488 772 3552 IV.
797 3488 847 3552 14.
872 3488 922 3552 31.
952 3506 989 3552 ac
1018 3488 1115 3554 celati
1140 3508 1271 3572 aaapuos
1300 3508 1371 3552 cam

137 3595 262 3671 ponant
284 3608 423 3671 aequora
442 3594 545 3653 molas

396 3691 508 3757 Illius
529 3692 585 3757 abi
606 3693 736 3758 aduerso
759 3692 875 3758 (laciali
895 3696 942 3759 ν’νο
964 3695 1057 3777 Nolo,

398 3796 500 3861 liltore
521 3797 552 3861 sl
574 3797 666 3862 lacilo
688 3799 810 3862 sonitus
830 3801 966 3864 rarescat
986 3821 1101 3865 arenae
1123 3847 1130 3860 .
1154 3847 1161 3859 .
1185 3845 1192 3859 .
1279 3785 1283 3793 ⁵

142 3904 175 3963 et
197 3898 329 3964 Ovidius
352 3917 493 3964 amorem
516 3880 657 3965 absentis
680 3900 805 3981 puellae
820 3902 914 3967 undis
937 3899 1203 3982 comparatFast.
1228 3895 1267 3959 Π.
1293 3896 1364 3960 775.

345 4008 382 4066 ut
401 4003 479 4068 solat
499 4023 520 4067 a
541 4023 655 4086 mapao
674 4005 791 4084 fluctus
813 4005 1010 4088 laapaesacrc
1028 4003 1119 4082 slata,

347 4104 402 4169 secl
424 4110 527 4171 tamea
549 4127 570 4170 a
591 4112 689 4187 uento,
713 4109 768 4189 pai
787 4108 860 4191 fall,
884 4106 972 4172 uncia
992 4108 1095 4168 lumel.

142 4206 237 4287 Apud
259 4207 395 4271 crinalem
424 4208 548 4287 „undae
567 4209 722 4292 fallaccs“
752 4210 785 4273 in
807 4207 1044 4289 comparatione
1073 4210 1147 4270 sunt
1177 4212 1252 4273 met.
1283 4207 1370 4270 XIII.

144 4310 214 4389 799,
240 4327 328 4374 mare
352 4311 483 4391 ,‚feroa“
505 4311 573 4378 her.
598 4311 717 4390 3.133‚
742 4328 831 4375 mare
847 4307 1022 4389 „sardam‘
1045 4307 1114 4372 her.
1138 4311 1167 4389 8,
1192 4310 1221 4373 9.
1246 4315 1370 4374 etmel.

141 4411 229 4480 XIII.
253 4412 325 4478 804.
350 4412 378 4476 A
401 4412 574 4492 Theognid.
606 4415 667 4479 107
684 4414 751 4478 οὔτε
771 4418 828 4497 yolp
848 4409 886 4475 clia
907 4415 1014 4476 πόντον
1035 4413 1164 4497 σπείρων
1184 4418 1269 4496 paul
1289 4419 1372 4497 λήϊον

144 4521 230 4606 apag
257 4535 320 4581 non
350 4516 455 4583 aliena
483 4521 567 4597 sicut,
598 4535 680 4601 quae
709 4517 862 4601 leguntur
890 4514 969 4583 Call.
999 4515 1030 4584 h.
1059 4516 1091 4582 in
1115 4517 1205 4582 Dera.
1229 4518 1280 4583 90.
1333 4522 1371 4580 τα
