3008 5010
698 205 892 270 ..5-

178 412 391 490 delectationi,
419 411 512 476 facile
543 417 688 493 apparet,
721 412 986 493 comparationes,
1018 411 1096 492 dico,
1127 413 1241 494 quibus
1270 413 1409 477 maxime

178 515 291 594 elucet,
315 519 435 596 quanta
457 515 595 580 veritate
617 514 776 580 Homerus
800 533 876 580 usus
898 514 941 579 sit
963 514 996 577 in
1012 518 1129 579 natura
1151 532 1261 580 rerum
1284 515 1403 580 descri-

177 617 288 698 benda,
314 636 386 682 eum
408 617 564 683 haberent
593 616 697 698 finem,
731 624 776 695 ut,
807 618 861 698 qui
890 618 1033 682 carmina
1062 618 1199 682 recitata
1229 617 1410 697 audieruut,

179 722 374 785 suavissimis
405 720 598 801 imaginibus
633 720 788 800 neglectis
822 738 929 785 seeum
963 725 1162 800 reputarent,
1198 739 1280 802 quae
1313 726 1410 801 poeta

178 829 274 888 antea
297 825 481 891 cecinerat?
526 823 617 900 Qurod
639 824 665 887 si
688 841 803 887 revera
818 824 924 887 animo
941 824 1161 903 proposuisset
1182 828 1288 904 poeta,
1307 843 1411 890 nonne

179 932 338 1007 putamus,
363 925 508 990 futurum
531 926 640 1005 fuisse,
672 933 708 990 ut
737 926 903 990 audientes
933 925 1024 1006 quasi
1054 923 1203 991 fascinati
1233 926 1408 1008 imaginum

177 1029 393 1109 pulcritudine
417 1028 475 1093 has
498 1028 566 1093 eius
589 1029 730 1093 rationes
761 1028 889 1109 penitus
912 1028 1108 1096 turbarent?
1151 1028 1188 1091 In
1219 1029 1278 1094 hoc
1308 1029 1410 1110 igitur

178 1133 205 1195 si
227 1132 337 1213 lapsus
361 1136 410 1196 est
424 1131 590 1209 Velseuus,
607 1136 714 1195 tamen
738 1130 822 1195 haud
844 1130 1071 1211 negligendum
1094 1135 1152 1210 est,
1170 1131 1254 1212 quod
1276 1132 1409 1213 primus,

178 1235 210 1297 ni
232 1233 336 1314 fallor,
360 1235 451 1311 vidit,
475 1234 553 1298 alias
584 1233 655 1298 aliis
686 1234 790 1314 poetis
813 1231 912 1298 fuisse
942 1251 1065 1311 causas,
1096 1252 1153 1297 cur
1183 1234 1408 1301 similitudines

176 1337 373 1405 adhiberent.
420 1337 511 1415 Nam,
534 1342 571 1400 ut
587 1342 736 1401 accurate
752 1355 820 1401 rem
836 1354 1060 1417 exsequamur,
1078 1335 1200 1402 duobus
1223 1335 1407 1419 cientibus,

176 1442 203 1505 si
234 1439 429 1505 incunabula
458 1441 539 1505 artis
566 1440 711 1521 poeticae
743 1443 935 1519 spectamus,
964 1438 1016 1503 bic
1044 1437 1134 1504 fluxit
1163 1459 1249 1520 usus,
1274 1459 1408 1522 quorum

176 1544 259 1608 alter
282 1544 483 1623 largissimus
506 1550 556 1608 est
572 1548 605 1607 et
634 1543 780 1607 omnibus
807 1547 910 1622 notus,
927 1549 1039 1623 poetas
1066 1541 1259 1622 imaginibus
1281 1544 1408 1625 planius

177 1647 336 1727 explicare
365 1646 535 1725 studuisse,
567 1646 594 1711 si
625 1646 701 1727 quid
730 1643 923 1726 proferrent,
955 1645 1038 1727 quod
1069 1665 1088 1710 a
1119 1645 1244 1726 vulgari
1273 1646 1409 1712 scientia

176 1749 331 1814 remotius
347 1767 416 1814 esse
436 1749 614 1814 crederent.
660 1747 729 1814 Hoc
744 1754 781 1813 ut
794 1746 995 1829 perficerent,
1013 1747 1054 1812 ad
1069 1747 1225 1828 imagines
1241 1746 1407 1830 fingendas

175 1852 343 1933 elegerunt
366 1871 428 1930 res,
452 1870 534 1933 quae
550 1852 646 1933 vulgo
669 1857 764 1916 notae
787 1856 844 1915 aut
867 1855 954 1916 certe
969 1849 1131 1915 faciliores
1147 1852 1279 1932 cognitu
1302 1857 1404 1933 erant,

175 1973 269 2036 quam
286 1973 366 2037 quae
382 1955 672 2036 comparationibus
688 1955 853 2019 illustrare
868 1953 1070 2021 studuerunt.
1115 1954 1203 2018 Bene
1225 1954 1405 2021 Passouius

174 2059 234 2122 lrac
256 2059 295 2122 de
322 2077 357 2122 re
388 2059 547 2124 disserens
558 2056 601 2142 ⁵):
634 2058 907 2139 ,cooperationes
939 2057 1051 2138 inquit,
1081 2077 1133 2121 res
1155 2057 1346 2138 praeteritos
1372 2064 1407 2123 at

175 2162 373 2227 ‹lilsceo'diores
395 2162 536 2240 reddant,
560 2182 630 2226 eam
651 2162 692 2226 lis
721 2161 892 2243 corpe-ruat,
924 2181 1002 2241 qnae
1024 2160 1116 2224 etiem
1137 2181 1220 2225 caecae
1242 2161 1404 2227 aaronem

175 2265 326 2346 additque
350 2265 445 2330 schol.
476 2265 554 2329 Ven.
586 2271 627 2327 Η.
648 2274 713 2334 364.
742 2268 758 2329 ot
782 2270 840 2349 γάρ
855 2263 994 2347 Ὄμηρος
1018 2267 1078 2328 ἀπὸ
1099 2271 1159 2328 τῶν
1183 2264 1406 2347 γινωσκομένων

176 2376 249 2431 πᾶσι
269 2375 393 2431 ποιεῖται
417 2375 470 2444 τὰς
491 2371 652 2450 ὁμοιώσεις.
692 2366 803 2449 Neque
827 2385 905 2433 vero
920 2366 1011 2431 licuit
1026 2367 1056 2431 ei
1079 2366 1216 2446 aliunde,
1241 2367 1267 2432 si
1291 2386 1405 2433 revera

175 2471 208 2534 id
231 2472 398 2552 spectavit,
433 2508 476 2517 —
509 2471 593 2554 quod
615 2476 703 2536 recte
736 2470 813 2535 mihi
846 2470 1003 2536 Valsenus
1036 2474 1232 2534 monstrasse
1266 2470 1402 2551 videtur,

176 2580 230 2656 „od
251 2576 358 2640 coelem
380 2576 503 2640 orroeos
525 2574 709 2656 pluribusve
730 2574 832 2638 enodis
853 2573 1026 2652 declarans
1054 2578 1215 2653 tornqnoor
1241 2573 1346 2638 otsoooc
1368 2595 1405 2639 oc

173 2684 360 2758 erroneordur,
384 2684 454 2744 orde
476 2679 579 2743 oeulos
590 2680 719 2759 porcot.“
766 2677 975 2759 Qriarnquam,
999 2677 1129 2740 numid
1154 2677 1318 2757 spectarit,
1341 2696 1403 2744 non

173 2801 301 2863 premo:
327 2781 432 2848 effecit
447 2789 544 2863 certe,
570 2789 605 2846 ut
628 2801 691 2857 res,
715 2783 755 2846 de
771 2781 886 2864 quibus
901 2781 980 2863 agit,
1003 2780 1095 2861 quasi
1111 2798 1194 2845 nune
1211 2785 1404 2860 gererentur

173 2887 231 2951 sub
261 2892 426 2968 aspectum
456 2892 603 2952 nostrum
632 2885 724 2950 venia
734 2889 770 2950 rt.
824 2884 930 2961 Quare
958 2889 1009 2948 est
1044 2884 1174 2965 aliquid,
1205 2886 1291 2967 quod
1317 2888 1403 2970 apud

172 2989 436 3055 llriedltinderum
466 2989 619 3073 inveuizss)
645 2987 778 3069 „ladem
805 2986 855 3052 dic
877 2985 1069 3052 Gleicbao‘sse
1097 2987 1157 3053 den
1185 2988 1324 3074 Verlouf
1348 2991 1404 3056 der

172 3091 378 3176 Dorstellunq
407 3114 450 3157 arr
480 3092 601 3157 solobria
624 3090 768 3156 Pnabteu
798 3089 1025 3169 ecriterbreobcn,
1055 3111 1102 3155 coo
1131 3091 1177 3156 sle
1204 3113 1292 3157 eaeor
1320 3093 1404 3158 rciebt

171 3197 390 3262 erncbweisbor
409 3196 568 3279 qcfordcrt
590 3195 721 3273 wadon,
744 3194 819 3259 aber
840 3213 888 3258 coo
911 3193 970 3258 dos
992 3192 1172 3278 Beddrfois
1202 3196 1255 3261 oles
1277 3195 1403 3263 Ho'rers

172 3299 236 3381 auf
253 3299 302 3364 ein
324 3298 556 3365 Vecellanus
573 3297 875 3363 Veronsoboub'olren
894 3297 1155 3382 derude-mosea
1169 3299 1403 3384 aodrtoqmdeo

171 3401 352 3467 Eiocolriicloe
373 3403 427 3467 des
443 3400 555 3485 Sloffes
576 3401 726 3480 alianae,
747 3402 842 3484 geben
863 3400 909 3465 sie
930 3401 992 3484 eof
1010 3402 1111 3466 claron
1131 3399 1271 3486 Unrcoeqc
1290 3404 1402 3485 plesclo-

171 3526 240 3568 som
263 3505 350 3570 cinon
364 3505 484 3570 Dresia
496 3505 562 3589 fiir
584 3505 633 3570 dic
655 3505 723 3570 dent
738 3503 827 3586 Epos
848 3509 988 3587 cersopte
1012 3503 1172 3569 Fenbto'on
1194 3505 1249 3569 der
1265 3506 1402 3573 direldea

172 3606 435 3692 Besebr·eibaaq“.
459 3609 658 3691 Quamquam
681 3609 714 3672 id
736 3609 908 3674 tenendum
932 3612 990 3688 est,
1015 3608 1285 3690 comparationem
1308 3610 1401 3675 modo

173 3712 305 3793 „quasd‘
339 3731 398 3793 pro
441 3710 710 3794 descriptionibus
743 3710 898 3789 adhiberi,
933 3729 1023 3775 nam.
1041 3711 1265 3793 descriptionis
1298 3712 1400 3778 vicem

170 3813 301 3895 explere
324 3815 433 3895 utique
456 3833 519 3880 non
541 3820 658 3897 potest.
682 3815 747 3880 Sed
768 3820 805 3879 ut
827 3815 891 3880 iam
907 3833 1088 3896 pergamus,
1113 3813 1251 3880 alterum
1267 3815 1398 3898 fontem,

170 3935 265 3999 quem
288 3917 350 3981 viri
381 3917 466 3982 docti
489 3917 591 3983 adhuc
619 3937 682 3983 nou
710 3923 913 3996 curaverunt,
945 3936 1138 4000 quamquam
1169 3918 1196 3983 si
1218 3936 1329 3982 veram
1351 3919 1400 3984 rei

169 4021 328 4086 rationem
351 4021 462 4102 exigis,
494 4021 588 4102 longe
618 4023 749 4104 gravior
770 4021 935 4086 habendus
958 4026 1018 4101 est,
1049 4021 1082 4084 in
1104 4039 1142 4085 eo
1165 4021 1282 4100 inveni,
1315 4024 1399 4104 quod

169 4123 322 4205 homines,
347 4144 482 4206 quorum
505 4125 603 4190 animi
626 4126 764 4191 nondum
796 4129 868 4191 arte
890 4124 994 4207 logica
1022 4123 1153 4189 formati
1182 4126 1285 4190 etita
1308 4121 1399 4193 insti-

169 4227 232 4291 tuti
267 4233 368 4307 erant,
403 4233 439 4292 ut
473 4228 551 4292 nihil
585 4232 715 4309 praeter
746 4228 949 4308 propositum
982 4232 1176 4308 spectarent,
1212 4229 1295 4309 quod
1329 4229 1398 4311 ejus

169 4330 254 4395 modi
277 4330 430 4411 homines,
454 4332 482 4396 si
504 4368 547 4376 —
570 4332 643 4396 dum
667 4331 706 4395 de
730 4350 793 4396 uua
815 4349 852 4395 re
882 4335 984 4411 agunt
1005 4366 1047 4375 —
1069 4331 1173 4395 simile
1196 4331 1271 4412 quid
1301 4331 1341 4397 iis
1364 4332 1398 4396 in

271 4536 291 4603 ὁ)
309 4535 343 4589 de
363 4533 615 4605 comparationibus
633 4534 787 4589 Homericis
804 4534 894 4588 Berol.
914 4535 954 4590 18.

270 4621 293 4690 ⁰)
312 4620 439 4692 Beitrbge
456 4638 507 4676 zur
525 4621 661 4677 Kountuis
680 4621 729 4677 der
747 4620 941 4680 homerischeu
959 4619 1137 4679 Gleichuirsc.
1173 4619 1272 4679 Berlin
1286 4619 1367 4674 raud.
