3008 5010
623 137 835 205 ..234

110 346 169 420 δ’ἒς
188 347 287 426 βυθὸν
306 336 356 405 οἷα
376 345 536 416 θαλάσσας
561 343 721 422 α’λεμάτως
740 341 892 422 άχάριστα
918 335 1076 420 κατέρρεον
1102 332 1208 399 εἴδατα
1236 338 1344 398 πάντα.

110 455 241 519 Fluvios
263 453 296 517 in
326 470 416 517 mare
443 455 557 516 euntes
579 449 742 531 Vergilius
772 453 807 513 et
830 447 963 514 Ovidius
985 447 1018 512 in
1048 446 1273 512 similitudines
1296 445 1345 510 in·

111 561 249 637 sumunt,
280 555 335 620 ille
358 559 395 619 ut
417 554 492 632 vim,
526 572 590 635 qua
612 553 736 618 Aeneas
768 557 801 618 et
824 551 950 617 Turnus
983 550 1017 615 in
1039 554 1202 616 certamen
1233 553 1341 631 ruunt,

112 657 270 740 significat
292 659 372 724 Aen.
394 657 458 723 XII
480 657 553 723 523.

317 779 354 826 ac
376 760 460 825 aetat
485 813 492 827 .
517 809 524 824 .
549 808 556 823 .

317 869 374 928 cat
394 862 450 928 aha'
472 861 606 928 accarca
627 861 742 942 rapido
765 861 802 926 άε
823 860 981 926 montibus
1003 860 1079 925 attic

317 965 396 1030 dant
416 966 553 1030 conatam
573 965 716 1046 spamosa'
738 984 846 1028 amnes
867 968 897 1029 et
917 964 952 1028 ιά
974 983 1113 1045 aeqaora
1136 967 1276 1042 corrant,

318 1071 449 1152 quisquc
470 1088 574 1133 εαανιι·
579 1067 758 1149 populatas
779 1068 848 1131 iter.

113 1191 165 1254 hic
187 1189 378 1255 sententiam
395 1206 601 1267 communem,
625 1187 732 1251 omnia
746 1185 878 1251 flumina
899 1185 980 1251 ferri
1001 1186 1034 1250 in
1050 1201 1148 1266 mare,
1172 1190 1226 1249 ter
1247 1201 1344 1251 usur-

109 1297 176 1374 pat,
211 1293 361 1373 primum,
396 1294 433 1354 ut
466 1289 640 1354 Tartarum
662 1289 805 1354 illustret
838 1307 948 1354 omnes
981 1307 1091 1354 manes
1122 1287 1343 1369 recipientem.

108 1399 183 1459 met.
207 1395 261 1460 IV.
284 1394 350 1460 440
378 1398 472 1475 atace
492 1394 609 1476 fretam
639 1391 677 1456 de
699 1397 765 1458 tota
790 1393 928 1472 flamina
949 1397 1044 1472 terra,
1079 1393 1125 1456 stc
1147 1411 1252 1457 omnes
1274 1393 1344 1456 ανά-

109 1518 179 1562 mos
202 1497 289 1563 λοοαε
310 1497 426 1577 accepit
442 1495 507 1575 ille,
531 1500 599 1561 tum
612 1494 843 1560 Callimachum
866 1495 1020 1573 imitatus,
1044 1499 1080 1559 ut
1099 1494 1345 1576 Erysichthonis

110 1599 227 1665 famem
249 1600 364 1680 pingat
385 1598 427 1666 ib.
450 1597 536 1664 VIII.
560 1597 633 1664 835.
663 1603 757 1680 atqae
776 1599 894 1681 fretam
922 1599 1034 1678 recipit
1054 1596 1092 1661 de
1125 1603 1190 1663 tota
1207 1599 1345 1676 flamina

111 1708 197 1768 terra
225 1722 280 1768 aec
301 1703 440 1768 satiatae·
468 1703 563 1784 aqat's
577 1703 826 1785 ρονεγνλαοεοαε
856 1701 951 1766 eha'br't
983 1721 1099 1766 amaea.
1131 1701 1276 1783 deniqne,
1307 1706 1345 1768 ut

110 1825 145 1871 se
176 1810 307 1871 excuset
334 1805 554 1870 concinentem
582 1823 655 1869 cum
678 1805 829 1870 universo
860 1804 978 1886 populo
1001 1809 1078 1869 vota
1107 1823 1167 1886 pro
1191 1805 1343 1870 diuturna

109 1909 248 1990 Augusti
278 1909 355 1973 vita.
387 1908 474 1972 trist.
508 1908 547 1974 V.
581 1907 623 1973 Π.
655 1907 706 1971 27.
742 1912 829 1989 optat
868 1907 952 1972 ι’άιοι
979 1909 1122 1990 papatus
1154 1908 1210 1973 sed
1239 1913 1276 1973 at
1306 1909 1342 1974 ια

108 2033 196 2077 marc
215 2013 352 2093 stamina
373 2002 506 2091 costam,
530 2011 576 2077 stc
597 2010 676 2076 solet
697 2013 827 2095 eatyaae
849 2030 976 2077 caracae
997 2014 1086 2076 ricae
1109 2033 1219 2095 aquae.

210 2269 373 2335 Flumina
403 2286 497 2350 quem
527 2267 632 2332 locum
662 2272 795 2332 teneant
825 2268 858 2332 in
881 2267 1185 2350 comparationibus
1218 2270 1339 2351 optime

110 2371 298 2450 videbimus,
332 2372 360 2436 si
393 2389 453 2453 per
487 2371 632 2436 ordinem
666 2388 795 2436 cursum
829 2389 939 2436 eorum
973 2389 1212 2453 persequemur.
1257 2372 1343 2438 Fons

110 2476 216 2541 oriens
251 2479 302 2540 est
323 2475 357 2538 in
391 2474 600 2540 simihtudine
624 2473 682 2541 Ov.
712 2492 741 2538 a.
765 2492 826 2539 am.
850 2473 891 2538 Π.
919 2475 992 2541 343.
1025 2476 1168 2541 nascitur
1200 2476 1341 2558 οπλγαιιε,

106 2578 162 2645 sed
183 2599 255 2661 opes
277 2579 416 2662 acqat‘rc't
436 2578 546 2658 οααάο,
571 2599 694 2661 qaaqae
715 2579 799 2643 acuit
818 2578 937 2644 mattas
960 2581 1075 2661 accinat
1103 2580 1207 2644 arants
1229 2599 1340 2661 aquas.

106 2680 177 2747 fons
200 2686 389 2747 excaecatus
411 2700 452 2746 ex
475 2681 508 2746 P.
533 2682 587 2747 IV.
612 2681 641 2749 2.
666 2681 717 2749 16.

364 2785 483 2850 scilicet
503 2790 538 2850 at
560 2785 654 2850 λάααε
675 2805 771 2850 cenas
793 2787 992 2851 excaecatio
1012 2786 1110 2851 αιιιλλε

416 2888 563 2970 laesaque
584 2908 757 2969 suppressa
777 2890 863 2972 fonte
884 2889 1004 2954 resistit
1025 2909 1119 2972 οοαα,

357 2996 490 3075 pectora
510 2992 557 3056 τοο
578 3012 648 3056 mea
670 2996 745 3056 sant
766 2991 841 3056 timo
864 2993 977 3056 attacta
997 2993 1163 3058 νααλονιιννι.

104 3092 175 3159 fons
196 3094 328 3161 uberius
349 3093 451 3160 fluens
472 3094 591 3174 Bergk.
615 3093 653 3158 fr.
678 3094 727 3158 ad.
752 3095 803 3160 90.

412 3193 572 3274 προβάτων
591 3193 649 3273 γάρ
669 3190 700 3252 ἐκ
719 3193 840 3253 πάντων
859 3193 1026 3271 κελάρυξεν,

414 3294 455 3368 ὥς
474 3295 534 3357 άπὸ
554 3298 702 3377 nouantem)
723 3293 870 3378 φέρτατον
889 3291 980 3377 ὕδωρ,

414 3399 528 3460 θάλεον
547 3400 634 3480 γάλα.

106 3525 164 3590 Ov.
189 3543 250 3589 am.
274 3525 332 3590 III.
362 3525 393 3593 9.
418 3525 469 3591 25.
503 3525 592 3590 adice
624 3524 825 3606 Μαοοαλάεα,
861 3546 881 3589 a
913 3546 974 3608 aaa
1007 3545 1062 3591 cea
1092 3528 1178 3610 sonte
1204 3529 1340 3609 pereant

106 3632 213 3690 aotam
245 3626 366 3693 Pieriis
388 3649 446 3693 ονα
477 3631 627 3712 νλγοιιλαν
660 3628 762 3711 aquis.
803 3628 917 3710 quibus
952 3629 1043 3710 quasi
1074 3630 1257 3711 oppositum
1289 3635 1339 3695 est

105 3729 239 3794 Theocr.
274 3728 303 3794 8.
324 3727 378 3825 125.
413 3730 545 3817 δένδρεσι
570 3737 628 3814 μὲν
654 3736 770 3817 χειμών
789 3736 918 3817 φοβερὰν
947 3737 1044 3809 κακόν,
1070 3732 1157 3798 ὕδασι
1183 3736 1338 3817 δἀὐχμός.

104 3833 269 3900 Theocriti
299 3837 326 3898 1.
352 3833 381 3899 7.
413 3833 496 3900 ἅδιον
509 3886 516 3899 .
530 3840 564 3900 τὸ
584 3835 651 3901 τέον
670 3835 758 3919 μέλος
772 3834 792 3919 ἢ
804 3841 839 3902 τὸ
858 3839 987 3919 καταχὲς
1006 3841 1062 3919 τήν
1075 3839 1135 3900 άπὸ
1154 3843 1209 3912 τοῖς
1229 3838 1339 3920 πέτρας

105 3937 311 4020 καταλείβεται
329 3940 454 4019 ὑψόθεν
473 3938 554 4020 ὕδωρ
582 3940 745 4021 Vergilius
778 3940 924 4005 imitatus
957 3943 1016 4004 est.
1055 3938 1111 4004 ecl.
1145 3939 1176 4004 5.
1208 3939 1251 4004 86
1283 3959 1339 4005 acc

99 4058 254 4121 percussa
276 4041 388 4106 taccat
405 4041 507 4121 stacta
530 4047 596 4105 tara
618 4041 715 4106 h'tora
736 4061 791 4107 aec
813 4062 894 4124 qaae
908 4061 1042 4107 sacceas
1064 4042 1146 4106 inter
1167 4041 1339 4108 άοοιιννααι

102 4142 239 4222 stamina
271 4144 379 4209 calles.
424 4143 610 4224 imaginem,
646 4162 728 4225 quae
762 4144 827 4208 iam
865 4144 985 4224 legitur
1019 4143 1133 4208 hesch.
1168 4145 1227 4226 Ag.
1262 4146 1335 4212 901.

103 4235 221 4320 (λέγοιτ’
241 4235 280 4301 άν
298 4237 394 4320 ἄνδρα
413 4239 492 4302 τάνδ’
514 4241 682 4326 άπενθήτῳ
702 4241 803 4322 φρενὶ)
822 4240 968 4326 ὁδοιπόρῳ
989 4241 1113 4319 διψῶντι
1127 4245 1253 4323 πηγαῖον
1273 4240 1338 4324 ρέος

103 4350 156 4413 ter
179 4347 264 4429 apud
286 4348 403 4414 latinos
425 4349 550 4414 inveni:
575 4348 645 4414 Cat.
668 4348 719 4413 68.
743 4348 795 4416 57.

310 4470 417 4551 qualis
437 4471 473 4535 λα
494 4471 576 4536 aerii
591 4470 760 4553 perlucens
781 4471 892 4535 vertice
913 4473 1029 4537 montis

413 4575 503 4639 atoue
523 4593 665 4642 mascaro
681 4574 813 4659 prosilit
833 4596 849 4640 e
871 4575 986 4659 λοριῖάο,
