3008 5010
679 966 876 1074 Vita.

735 1149 823 1176 —000-

274 1257 316 1368 N
318 1308 390 1368 atus
420 1322 489 1367 sum
520 1301 654 1367 Carolus
677 1301 880 1368 Hermannus
903 1303 1021 1369 Miiller
1050 1304 1101 1369 die
1129 1305 1281 1370 vicesimo
1313 1324 1396 1373 nono

164 1423 282 1487 mensis
311 1423 390 1486 Julii
420 1423 503 1487 1861
535 1421 707 1487 Rastadiac
740 1422 901 1488 Badeniae
929 1427 1025 1504 patre
1054 1422 1247 1504 Hermanno,
1290 1430 1394 1491 matre

164 1544 298 1607 Annae
321 1548 416 1624 gente
439 1544 588 1624 Brngier‚
613 1545 700 1624 'quae
722 1548 797 1609 ante
820 1543 878 1608 hos
901 1545 1039 1633 quinque
1061 1563 1161 1610 annos
1182 1549 1315 1610 mortua
1340 1551 1398 1611 est.

165 1663 230 1729 Sub
252 1669 458 1728 auctumnum
481 1666 555 1730 anni
579 1665 662 1731 1866
683 1670 833 1746 parentes
856 1665 918 1728 mei
942 1664 1138 1729 domicilium
1153 1684 1245 1731 suum
1261 1665 1398 1732 Hanno·

163 1801 273 1849 veram
288 1784 532 1865 transtulerunt,
557 1785 611 1849 ubi
633 1785 754 1866 primus
768 1784 896 1848 litteras
918 1784 1023 1848 didici.
1047 1784 1181 1849 Ineunte
1197 1803 1280 1850 anno
1306 1786 1396 1853 1870

164 1923 235 1970 uum
257 1904 446 1987 parentibus
468 1905 736 1986 Magdeburgiam
757 1904 896 1985 migravi
918 1905 1026 1986 ibique
1043 1906 1244 1987 gymnasium
1266 1906 1395 1987 regium

163 2025 349 2092 cathedrale
363 2026 575 2108 frequentavi.
598 2026 753 2091 Examine
775 2026 984 2104 maturitatis
1007 2026 1091 2107 quod
1107 2026 1234 2106 dicitur,
1252 2025 1397 2093 feliciter

163 2152 315 2228 superato
337 2147 476 2228 primurn
492 2165 601 2212 mense
616 2146 748 2212 Octobri
764 2145 850 2212 1880
864 2147 1108 2212 universitatem
1124 2145 1397 2228 Herbipolensem

162 2266 226 2333 adii
268 2271 301 2331 et
330 2267 432 2332 ordini
462 2266 680 2348 philosophico
719 2266 899 2346 adscriptus
932 2285 991 2346 per
1031 2266 1093 2331 duo
1133 2267 1305 2332 semestris
1344 2267 1391 2333 ibi

163 2392 310 2452 versatus
339 2405 418 2453 sum.
464 2385 586 2450 Deinde
608 2385 812 2466 Friburgiam
835 2385 1024 2465 Brisgaviae
1054 2403 1105 2450 me
1133 2386 1253 2450 contuli
1284 2385 1396 2470 ibique

32 2582 36 2591 Ι
162 2507 296 2572 militari
318 2504 422 2572 officio
452 2506 602 2572 satisfeci.
648 2506 728 2570 Tum
750 2505 936 2570 Berolinum
958 2504 1122 2587 profectus
1152 2524 1211 2587 per
1233 2511 1395 2589 quattuor

80 2695 83 2700 ,
163 2627 332 2693 semestria
361 2626 478 2693 scholis
507 2625 640 2691 interfui
662 2625 860 2706 Mommseni,
885 2625 1000 2704 Curtii,
1023 2624 1219 2706 Kirchhoifii‚
1243 2626 1395 2707 labieni,

162 2747 289 2828 Zelleri,
324 2746 472 2812 Schereri
511 2765 569 2812 nec
601 2766 665 2812 non
697 2744 830 2810 interfui
871 2746 1152 2811 exercitationibus
1185 2746 1392 2830 philologieis

162 2869 305 2947 Maassfi,
329 2868 418 2932 cuius
441 2886 519 2949 erga
541 2886 591 2933 me
613 2867 862 2932 benivolentiam
885 2871 978 2947 grato
995 2867 1100 2931 animo
1123 2865 1267 2933 servabo.
1292 2867 1393 2935 Initio

163 2989 328 3055 semestris
358 2988 521 3054 aestivalis
545 2988 628 3054 1885
652 2987 838 3068 Gottingam
867 2987 940 3051 veni
966 2985 1073 3068 ibique
1102 2986 1210 3051 audivi
1240 2991 1275 3052 et
1297 2987 1393 3053 Mau-

163 3109 275 3174 ritium
297 3108 408 3190 Heyne
437 3113 470 3172 et
491 3108 677 3173 Udalrioum
710 3107 750 3172 de
772 3105 1203 3185 Wilamowitz-Mbllendorf,
1226 3125 1288 3188 quo
1313 3107 1396 3174 duce

164 3249 200 3295 ac
222 3230 360 3310 benigno
385 3229 531 3294 adiutore
552 3227 634 3292 hanc
656 3228 914 3293 dissertationem
937 3225 1120 3307 conscripsi.
