3008 5010
694 173 886 246 „gd

175 384 396 468 metaphoram
430 405 449 450 a
476 387 589 467 primis
623 386 752 450 humani
786 387 942 450 sermonis
974 387 1075 450 initiis
1109 386 1261 450 usitatam
1295 378 1403 449 fuisse.

175 489 246 554 Non
268 490 295 554 is
318 507 397 570 sum,
414 489 475 555 hoc
497 491 551 570 qui
567 495 674 570 neget,
691 490 794 554 sedin
811 508 849 554 ea
865 491 935 570 ipsa
957 508 993 554 re
1013 506 1130 553 novam
1145 494 1242 570 atque
1265 486 1406 553 validum

175 611 264 658 meae
288 593 467 658 sententiae
490 597 715 673 argumentum
731 593 835 657 inesse
852 592 931 657 dico.
976 592 1104 656 Etenim
1120 592 1191 657 istis
1206 591 1406 672 temporibus

174 696 259 760 haud
300 696 346 759 ita
380 713 498 775 magna
531 695 703 759 verborum
735 696 825 776 copia
858 694 1038 760 hominibus
1072 699 1202 775 praesto
1236 699 1317 773 erat,
1352 694 1407 775 qui

175 798 290 863 cotidie
314 799 427 877 ignota
449 797 609 877 animalia,
626 815 679 863 res
701 799 917 878 incompertae
932 795 1143 862 offenderunt.
1189 796 1271 872 Quid
1291 797 1408 860 mirum

176 903 202 966 si
226 920 287 965 non
305 901 447 981 propriis
462 900 732 981 appellationibus
748 901 855 965 omnia
871 904 1072 980 notaverunt,
1090 900 1155 980 sed,
1172 918 1243 963 cum
1259 899 1407 964 viderent

176 1006 280 1068 inesse
318 1003 414 1067 rebus
452 1004 542 1068 novis
579 1003 819 1068 similitudinem
862 1003 1020 1085 quandam
1061 1021 1132 1067 cum
1176 1003 1270 1082 notis,
1309 1003 1409 1067 tacita

178 1106 416 1186 comparatione
438 1100 524 1170 facta
548 1105 661 1169 harum
685 1106 812 1170 nomina
840 1106 905 1170 illis
928 1105 1145 1186 metaphorice
1177 1106 1408 1186 imposuerunt.

178 1209 303 1274 Tacita
324 1210 441 1274 autom
473 1210 693 1293 comparatio
723 1209 953 1292 metaphorae
983 1225 1084 1274 usum
1105 1209 1309 1292 praecessit,
1332 1225 1410 1273 curn

176 1312 423 1394 nrotaphoram
456 1311 586 1377 nudam
618 1313 734 1379 animo
772 1313 904 1394 fingere
936 1328 1037 1378 nemo
1070 1311 1197 1395 possit.
1242 1311 1279 1374 Id
1313 1310 1407 1387 enim,

176 1416 300 1497 opinor,
316 1433 409 1479 nemo
426 1415 503 1479 mihi
520 1434 581 1479 non
599 1415 759 1494 concedet,
776 1416 804 1480 si
820 1415 859 1480 de
875 1416 935 1480 hac
950 1434 985 1479 re
1002 1415 1179 1497 quaeritur,
1201 1414 1410 1479 semovendas

176 1537 248 1582 esse
271 1536 326 1582 eas
348 1518 563 1598 metaphoras,
594 1536 676 1599 quae
699 1518 791 1583 nobis
824 1519 915 1598 quasi
948 1519 980 1582 in
1012 1536 1122 1582 sucum
1155 1523 1189 1581 et
1222 1517 1410 1598 sanguinem

178 1621 328 1685 abierunt
350 1621 460 1701 itaque
483 1621 622 1685 sermoni
644 1625 755 1685 nostro
770 1621 934 1685 immixtae
950 1626 1038 1700 sunt,
1063 1626 1107 1699 ut,
1126 1621 1180 1702 qui
1202 1620 1242 1685 iis
1266 1624 1408 1699 utantur,

179 1723 342 1788 rarissime
380 1724 530 1803 sentiant,
568 1722 787 1804 metaphorice
822 1742 856 1788 se
898 1724 1018 1805 loqui.v
1052 1722 1110 1788 llis
1149 1723 1252 1803 igitur
1295 1724 1410 1801 missis

178 1825 350 1890 tenendum
374 1831 432 1905 est,
457 1825 664 1906 metaphoras
687 1825 793 1907 eloqui
814 1845 876 1890 non
899 1845 1001 1907 posse,
1025 1827 1087 1890 nisi
1110 1826 1165 1907 qui
1187 1830 1283 1890 antea
1305 1826 1411 1890 animo

178 1927 307 1993 finxerit
339 1930 441 1994 iustas
479 1929 743 2010 comparationes.
791 1929 882 2005 Quod
916 1930 942 1993 si
973 1934 1131 1994 statutum
1166 1934 1224 2007 est,
1260 1926 1408 2008 efficitur,

180 2033 379 2096 enuntiatam
403 2051 529 2113 quoque
544 2032 817 2112 comparationem
833 2038 941 2096 aetate
957 2032 1112 2096 minorem
1135 2049 1206 2095 esse
1222 2049 1284 2095 non
1307 2049 1411 2112 posse,

180 2154 275 2216 quam
312 2135 545 2216 metaphoram.
610 2134 769 2199 Nimirum
811 2153 873 2198 non
911 2134 1023 2216 loquor
1060 2134 1100 2198 de
1137 2132 1413 2200 artificiosioribus

180 2238 457 2319 comparationum
490 2238 671 2318 structuris,
705 2256 841 2319 quarum
876 2237 1046 2317 splendore
1077 2258 1194 2317 omaus,
1226 2257 1304 2318 qnos
1337 2237 1411 2302 olim

184 2338 292 2402 ratam
320 2344 463 2418 uatesque
494 2339 652 2418 currebant,
683 2339 823 2404 nondum
854 2338 992 2419 fulsisse,
1024 2341 1076 2404 vix
1107 2341 1157 2404 cui
1186 2340 1316 2405 dubium
1345 2341 1409 2405 erit

182 2442 245 2507 Sed
276 2442 361 2506 inter
391 2447 440 2506 tot
469 2442 575 2506 varias
604 2441 847 2506 similitudinum
881 2441 1002 2507 formas
1032 2462 1096 2508 una
1124 2444 1298 2524 reperitur,
1330 2461 1413 2525 quae

181 2545 323 2625 singulas
345 2545 565 2626 proportionis
588 2550 699 2626 partes
722 2564 784 2610 non
808 2547 893 2610 inter
916 2563 951 2610 se
968 2546 1134 2626 coniungit
1155 2546 1334 2629 particulis,
1357 2547 1414 2610 sed

181 2648 365 2730 asyndetice
381 2649 471 2713 iuxta
486 2649 585 2730 ponit,
604 2668 642 2713 ex
657 2668 719 2730 quo
739 2650 819 2714 satis
834 2649 950 2728 elucet,
967 2668 1038 2714 cam
1050 2648 1187 2714 formam
1199 2668 1261 2713 non
1277 2650 1413 2731 apoetis

181 2770 251 2816 esse
274 2752 446 2831 inventam,
463 2769 567 2832 neque
591 2771 610 2815 a
631 2751 824 2832 rhetoribus,
845 2771 980 2833 quorum
998 2757 1112 2832 gustus
1128 2753 1284 2818 excultior
1299 2750 1414 2817 abhor-

181 2852 275 2918 rebat
290 2872 309 2918 a
324 2858 417 2918 tanta
432 2854 649 2935 simplicitate,
667 2855 723 2919 sed
739 2856 778 2919 ab
794 2855 974 2920 hominibus
990 2855 1120 2921 rusticis
1136 2861 1169 2920 et
1185 2856 1239 2936 qui
1254 2856 1316 2932 vix,
1333 2873 1414 2937 quae

182 2958 362 3037 cogitarent
378 2962 410 3021 et
425 2958 591 3036 sentirent,
608 2958 719 3038 paucis
741 2957 848 3022 verbis
869 2959 1049 3039 exprimere
1065 2962 1206 3038 possent.
1243 2958 1334 3023 Hanc
1349 2956 1415 3022 lor-

181 3079 266 3124 mam
282 3062 401 3142 quippe
414 3062 499 3126 omni
511 3066 582 3126 arte
595 3065 758 3126 carentem
771 3061 963 3126 Aristoteles
976 3061 1196 3143 metaphoram
1213 3081 1232 3127 a
1247 3079 1415 3143 compara·

182 3163 269 3226 tione
292 3162 493 3242 distinguens
515 3163 610 3243 plane
632 3162 785 3243 neglexit,
815 3170 850 3227 ut
872 3164 944 3244 ipsa
965 3164 1033 3229 eius
1058 3166 1156 3229 verba
1180 3165 1259 3230 satis
1282 3164 1411 3229 demon-

184 3270 298 3330 strant.
344 3263 395 3329 Sic
425 3266 510 3329 enim
542 3271 592 3330 est
620 3265 702 3330 rhet.
732 3265 780 3330 III
808 3268 845 3332 4:
867 3265 931 3331 ἔστι
957 3269 991 3331 δὲ
1016 3271 1065 3331 καῖ
1095 3271 1113 3350 ἡ
1141 3271 1227 3331 εἰκών
1247 3273 1415 3352 μεταφορά.

183 3361 317 3444 διαφέρει
335 3364 393 3443 yrip
421 3363 533 3443 μικρόν·
563 3359 635 3425 ὅταν
660 3361 718 3442 μὲν
746 3367 804 3444 γὰρ
835 3358 904 3449 εἴπῃ
933 3367 986 3427 τὸν
1005 3361 1154 3444 Ἀχιλλέα
1183 3364 1242 3438 „aig
1272 3363 1306 3426 δὲ
1338 3361 1414 3426 λέων

182 3472 370 3552 ἐπόρουσενῖῖ,
390 3474 477 3535 εἰκών
496 3474 584 3549 ἐστιν,
605 3469 676 3536 ὅταν
690 3475 723 3537 δὲ
744 3476 836 3550 ,,λέων
848 3474 1027 3558 ἐπόρουσειῖ(
1047 3478 1218 3558 μεταφορά.
1254 3472 1314 3550 Qui
1337 3472 1416 3537 haec

186 3572 326 3636 scribere
349 3574 465 3654 potuit,
488 3575 549 3639 nisi
572 3575 753 3654 discrimen,
787 3576 869 3658 quod
892 3575 1063 3641 intercedit
1085 3576 1170 3640 inter
1193 3575 1415 3655 metaphoram

185 3680 218 3737 et
240 3675 520 3756 comparationem,
544 3679 576 3741 in
599 3678 759 3759 particula
781 3685 837 3744 aut
860 3680 966 3760 posita
989 3683 1045 3744 ant
1068 3680 1185 3744 omissa
1207 3679 1331 3743 uersari
1354 3697 1413 3759 pu-

185 3777 313 3841 tasset?
356 3777 505 3841 Formam
528 3780 630 3860 igitur
652 3781 879 3863 asyndetiram,
903 3800 999 3863 quam
1022 3781 1166 3846 breviter
1188 3779 1279 3845 nobis
1302 3799 1417 3846 vocare

185 3880 291 3960 liceat,
327 3885 384 3944 ont
413 3879 530 3959 omisit,
566 3889 622 3946 aut
652 3881 733 3948 lalso
767 3885 799 3948 in
831 3884 1092 3966 metaphorarum
1128 3901 1261 3948 numero
1295 3884 1416 3949 hahuit.

185 3982 288 4062 Falso,
313 3982 393 4048 dico.
438 3982 528 4063 Nam,
553 4002 635 4065 quae
659 3988 929 4067 comparationem
959 3988 1077 4052 iustam
1099 3986 1248 4065 reddunt,
1280 3993 1418 4068 quatuor

186 4086 402 4165 proportionis
424 4093 536 4168 partes
558 4087 692 4152 adsunt:
715 4088 807 4153 abest
822 4089 915 4154 modo
938 4089 1106 4170 particula.
1151 4089 1194 4154 Et
1219 4091 1259 4155 ad
1274 4095 1417 4155 nostram

187 4206 287 4269 usque
316 4194 456 4254 aetatem
486 4190 549 4254 viri
580 4190 667 4254 ‹locti
694 4189 776 4254 hanc
805 4190 941 4257 formam
964 4197 1021 4256 aut
1049 4192 1262 4273 neglexerunt
1295 4196 1351 4257 aut
1374 4227 1417 4237 -

188 4292 279 4372 quasi
301 4310 398 4356 unam
427 4292 467 4356 de
490 4293 599 4358 multis
623 4329 665 4340 -
687 4293 792 4358 obiter
826 4294 919 4358 modo
948 4296 1136 4375 tetigerunt,
1169 4300 1205 4359 ut
1229 4293 1419 4376 Caspersius

188 4393 222 4471 in
243 4394 362 4473 libello,
386 4413 479 4476 quem
495 4398 625 4478 scripsit
641 4397 680 4462 de
697 4398 989 4479 comparationibus
1005 4395 1239 4479 Vergiliauis3).
1265 4400 1417 4461 Attamen

293 4614 558 4684 ⁸)Hagenau1883.
588 4584 592 4591 ι
